<?xml version="1.0" encoding="UTF-8"?>
<!DOCTYPE html PUBLIC "-//W3C//DTD XHTML 1.0 Transitional//EN"
    "http://www.w3.org/TR/xhtml1/DTD/xhtml1-transitional.dtd">
<html xmlns="http://www.w3.org/1999/xhtml" xml:lang="en" lang="en">
 <head>
  <title>
</title>
<meta http-equiv="Content-Type" content="text/html;charset=utf-8" />
  <meta name='ocr-system' content='tesseract 3.04.00' />
  <meta name='ocr-capabilities' content='ocr_page ocr_carea ocr_par ocr_line ocrx_word'/>
</head>
<body>
  <div class='ocr_page' id='page_1' title='image "./disputatiohisto01gehlgoog_0041.png"; bbox 0 0 2909 5392; ppageno 0'>
   <div class='ocr_carea' id='block_1_1' title="bbox 608 564 648 628">
    <p class='ocr_par' dir='ltr' id='par_1_1' title="bbox 608 564 648 628">
     <span class='ocr_line' id='line_1_1' title="bbox 608 564 648 628; baseline 0 0"><span class='ocrx_word' id='word_1_1' title='bbox 608 564 648 628; x_wconf 76' lang='lat'>31</span> 
     </span>
    </p>
   </div>
   <div class='ocr_carea' id='block_1_2' title="bbox 117 745 1203 2724">
    <p class='ocr_par' dir='ltr' id='par_1_2' title="bbox 117 745 1203 2724">
     <span class='ocr_line' id='line_1_2' title="bbox 118 745 1144 838; baseline -0.001 -22"><span class='ocrx_word' id='word_1_2' title='bbox 118 764 152 816; x_wconf 85' lang='lat' dir='ltr'>et</span> <span class='ocrx_word' id='word_1_3' title='bbox 169 745 281 817; x_wconf 84' lang='lat' dir='ltr'>omnes</span> <span class='ocrx_word' id='word_1_4' title='bbox 295 751 397 817; x_wconf 84' lang='lat' dir='ltr'>ferme</span> <span class='ocrx_word' id='word_1_5' title='bbox 416 745 558 814; x_wconf 85' lang='lat' dir='ltr'>melioris</span> <span class='ocrx_word' id='word_1_6' title='bbox 573 761 670 813; x_wconf 84' lang='lat' dir='ltr'>notae</span> <span class='ocrx_word' id='word_1_7' title='bbox 689 745 827 812; x_wconf 80' lang='lat' dir='ltr'>Codices</span> <span class='ocrx_word' id='word_1_8' title='bbox 844 747 1026 833; x_wconf 81' lang='lat' dir='ltr'>declarant,</span> <span class='ocrx_word' id='word_1_9' title='bbox 1043 749 1144 838; x_wconf 73' lang='lat' dir='ltr'>epito</span> 
     </span>
     <span class='ocr_line' id='line_1_3' title="bbox 118 866 1141 958; baseline -0.003 -23"><span class='ocrx_word' id='word_1_10' title='bbox 118 889 198 936; x_wconf 83' lang='lat' dir='ltr'>rnen</span> <span class='ocrx_word' id='word_1_11' title='bbox 219 870 309 934; x_wconf 83' lang='lat' dir='ltr'>illam</span> <span class='ocrx_word' id='word_1_12' title='bbox 325 868 604 958; x_wconf 83' lang='lat' dir='ltr'>chronologicam,</span> <span class='ocrx_word' id='word_1_13' title='bbox 630 889 724 955; x_wconf 86' lang='lat' dir='ltr'>quam</span> <span class='ocrx_word' id='word_1_14' title='bbox 740 867 902 931; x_wconf 81' lang='lat' dir='ltr'>Historiae</span> <span class='ocrx_word' id='word_1_15' title='bbox 917 888 992 933; x_wconf 78' lang='lat' dir='ltr'>suae</span> <span class='ocrx_word' id='word_1_16' title='bbox 1006 866 1141 954; x_wconf 83' lang='lat' dir='ltr'>adjecit,</span> 
     </span>
     <span class='ocr_line' id='line_1_4' title="bbox 118 985 1145 1076; baseline -0.001 -24"><span class='ocrx_word' id='word_1_17' title='bbox 118 987 161 1052; x_wconf 79' lang='lat' dir='ltr'>ad</span> <span class='ocrx_word' id='word_1_18' title='bbox 178 1009 296 1052; x_wconf 86' lang='lat' dir='ltr'>annum</span> <span class='ocrx_word' id='word_1_19' title='bbox 311 1009 412 1075; x_wconf 83' lang='lat' dir='ltr'>usqne</span> <span class='ocrx_word' id='word_1_20' title='bbox 428 986 494 1076; x_wconf 66' lang='lat'>734</span> <span class='ocrx_word' id='word_1_21' title='bbox 510 987 552 1051; x_wconf 80' lang='lat' dir='ltr'>ab</span> <span class='ocrx_word' id='word_1_22' title='bbox 569 1009 608 1050; x_wconf 90' lang='lat' dir='ltr'>eo</span> <span class='ocrx_word' id='word_1_23' title='bbox 624 986 696 1074; x_wconf 92' lang='lat' dir='ltr'>ipso</span> <span class='ocrx_word' id='word_1_24' title='bbox 712 1006 779 1050; x_wconf 76' lang='lat' dir='ltr'>esse</span> <span class='ocrx_word' id='word_1_25' title='bbox 795 985 1025 1050; x_wconf 75' lang='lat' dir='ltr'>continuatam.</span> <span class='ocrx_word' id='word_1_26' title='bbox 1070 985 1145 1067; x_wconf 89' lang='lat' dir='ltr'>Quo</span> 
     </span>
     <span class='ocr_line' id='line_1_5' title="bbox 117 1101 1147 1194; baseline -0.001 -26"><span class='ocrx_word' id='word_1_27' title='bbox 117 1103 250 1193; x_wconf 89' lang='lat' dir='ltr'>quidem</span> <span class='ocrx_word' id='word_1_28' title='bbox 270 1119 418 1194; x_wconf 85' lang='lat' dir='ltr'>tempore</span> <span class='ocrx_word' id='word_1_29' title='bbox 440 1124 551 1169; x_wconf 72' lang='lat' dir='ltr'>annom</span> <span class='ocrx_word' id='word_1_30' title='bbox 572 1119 734 1169; x_wconf 89' lang='lat' dir='ltr'>mortuum</span> <span class='ocrx_word' id='word_1_31' title='bbox 757 1125 841 1185; x_wconf 89' lang='lat' dir='ltr'>esse,</span> <span class='ocrx_word' id='word_1_32' title='bbox 863 1101 1074 1192; x_wconf 77' lang='lat' dir='ltr'>probabiliori</span> <span class='ocrx_word' id='word_1_33' title='bbox 1094 1122 1147 1168; x_wconf 84' lang='lat' dir='ltr'>ra·</span> 
     </span>
     <span class='ocr_line' id='line_1_6' title="bbox 117 1218 1146 1311; baseline 0 -25"><span class='ocrx_word' id='word_1_34' title='bbox 117 1218 210 1291; x_wconf 87' lang='lat' dir='ltr'>tione</span> <span class='ocrx_word' id='word_1_35' title='bbox 229 1222 336 1311; x_wconf 78' lang='lat' dir='ltr'>plures</span> <span class='ocrx_word' id='word_1_36' title='bbox 353 1223 529 1308; x_wconf 78' lang='lat' dir='ltr'>conjiciunt</span> <span class='ocrx_word' id='word_1_37' title='bbox 544 1220 610 1309; x_wconf 85' lang='lat'>(1);</span> <span class='ocrx_word' id='word_1_38' title='bbox 636 1219 693 1285; x_wconf 85' lang='lat' dir='ltr'>sed</span> <span class='ocrx_word' id='word_1_39' title='bbox 715 1243 821 1308; x_wconf 82' lang='lat' dir='ltr'>neque</span> <span class='ocrx_word' id='word_1_40' title='bbox 839 1222 894 1285; x_wconf 91' lang='lat' dir='ltr'>hic</span> <span class='ocrx_word' id='word_1_41' title='bbox 911 1221 1052 1286; x_wconf 82' lang='lat' dir='ltr'>calculus</span> <span class='ocrx_word' id='word_1_42' title='bbox 1067 1243 1146 1310; x_wconf 90' lang='lat' dir='ltr'>pro·</span> 
     </span>
     <span class='ocr_line' id='line_1_7' title="bbox 118 1336 1148 1430; baseline 0 -24"><span class='ocrx_word' id='word_1_43' title='bbox 118 1343 193 1406; x_wconf 89' lang='lat' dir='ltr'>bari</span> <span class='ocrx_word' id='word_1_44' title='bbox 215 1355 333 1430; x_wconf 87' lang='lat' dir='ltr'>potest.</span> <span class='ocrx_word' id='word_1_45' title='bbox 371 1342 498 1406; x_wconf 83' lang='lat' dir='ltr'>Etenim</span> <span class='ocrx_word' id='word_1_46' title='bbox 523 1361 562 1404; x_wconf 81' lang='lat' dir='ltr'>ert</span> <span class='ocrx_word' id='word_1_47' title='bbox 585 1340 728 1428; x_wconf 85' lang='lat' dir='ltr'>Epistola</span> <span class='ocrx_word' id='word_1_48' title='bbox 753 1336 809 1403; x_wconf 90' lang='lat' dir='ltr'>illa</span> <span class='ocrx_word' id='word_1_49' title='bbox 834 1361 1038 1423; x_wconf 80' lang='lat' dir='ltr'>curnnnnrr,</span> <span class='ocrx_word' id='word_1_50' title='bbox 1066 1363 1148 1429; x_wconf 84' lang='lat' dir='ltr'>qno·</span> 
     </span>
     <span class='ocr_line' id='line_1_8' title="bbox 119 1456 1147 1544; baseline 0.001 -22"><span class='ocrx_word' id='word_1_51' title='bbox 119 1479 197 1522; x_wconf 88' lang='lat' dir='ltr'>cum</span> <span class='ocrx_word' id='word_1_52' title='bbox 222 1459 426 1522; x_wconf 83' lang='lat' dir='ltr'>consentiunt</span> <span class='ocrx_word' id='word_1_53' title='bbox 454 1477 566 1522; x_wconf 83' lang='lat' dir='ltr'>omnes</span> <span class='ocrx_word' id='word_1_54' title='bbox 590 1457 706 1522; x_wconf 84' lang='lat' dir='ltr'>vetusti</span> <span class='ocrx_word' id='word_1_55' title='bbox 725 1456 924 1544; x_wconf 83' lang='lat' dir='ltr'>Scriptores,</span> <span class='ocrx_word' id='word_1_56' title='bbox 945 1458 1147 1524; x_wconf 82' lang='lat' dir='ltr'>manifestum</span> 
     </span>
     <span class='ocr_line' id='line_1_9' title="bbox 120 1574 1148 1664; baseline 0 -24"><span class='ocrx_word' id='word_1_57' title='bbox 120 1588 180 1658; x_wconf 82' lang='lat' dir='ltr'>est,</span> <span class='ocrx_word' id='word_1_58' title='bbox 203 1597 313 1642; x_wconf 69' lang='lat' dir='ltr'>anelat</span> <span class='ocrx_word' id='word_1_59' title='bbox 329 1577 613 1664; x_wconf 83' lang='lat' dir='ltr'>ipsoAscensionis</span> <span class='ocrx_word' id='word_1_60' title='bbox 629 1575 710 1638; x_wconf 87' lang='lat' dir='ltr'>festo</span> <span class='ocrx_word' id='word_1_61' title='bbox 724 1589 758 1639; x_wconf 86' lang='lat' dir='ltr'>et</span> <span class='ocrx_word' id='word_1_62' title='bbox 774 1574 847 1639; x_wconf 86' lang='lat' dir='ltr'>VH.</span> <span class='ocrx_word' id='word_1_63' title='bbox 863 1574 1024 1640; x_wconf 83' lang='lat' dir='ltr'>Kalendas</span> <span class='ocrx_word' id='word_1_64' title='bbox 1038 1577 1148 1640; x_wconf 77' lang='lat' dir='ltr'>Iunias</span> 
     </span>
     <span class='ocr_line' id='line_1_10' title="bbox 123 1686 1147 1780; baseline 0 -24"><span class='ocrx_word' id='word_1_65' title='bbox 123 1691 191 1780; x_wconf 84' lang='lat' dir='ltr'>(die</span> <span class='ocrx_word' id='word_1_66' title='bbox 207 1693 249 1757; x_wconf 80' lang='lat'>26</span> <span class='ocrx_word' id='word_1_67' title='bbox 266 1693 344 1778; x_wconf 82' lang='lat' dir='ltr'>Maji</span> <span class='ocrx_word' id='word_1_68' title='bbox 360 1717 394 1758; x_wconf 89' lang='lat' dir='ltr'>n.</span> <span class='ocrx_word' id='word_1_69' title='bbox 415 1691 460 1780; x_wconf 85' lang='lat' dir='ltr'>a.)</span> <span class='ocrx_word' id='word_1_70' title='bbox 478 1686 610 1772; x_wconf 77' lang='lat' dir='ltr'>obiisse3</span> <span class='ocrx_word' id='word_1_71' title='bbox 636 1691 721 1754; x_wconf 90' lang='lat' dir='ltr'>diem</span> <span class='ocrx_word' id='word_1_72' title='bbox 743 1704 850 1754; x_wconf 86' lang='lat' dir='ltr'>autem</span> <span class='ocrx_word' id='word_1_73' title='bbox 866 1692 1071 1755; x_wconf 81' lang='lat' dir='ltr'>Ascensionis</span> <span class='ocrx_word' id='word_1_74' title='bbox 1087 1691 1147 1756; x_wconf 91' lang='lat' dir='ltr'>do·</span> 
     </span>
     <span class='ocr_line' id='line_1_11' title="bbox 122 1799 1149 1897; baseline 0.002 -23"><span class='ocrx_word' id='word_1_75' title='bbox 122 1811 262 1874; x_wconf 81' lang='lat' dir='ltr'>minicae</span> <span class='ocrx_word' id='word_1_76' title='bbox 287 1823 320 1874; x_wconf 87' lang='lat' dir='ltr'>ct</span> <span class='ocrx_word' id='word_1_77' title='bbox 340 1810 510 1897; x_wconf 86' lang='lat' dir='ltr'>septimum</span> <span class='ocrx_word' id='word_1_78' title='bbox 539 1799 700 1872; x_wconf 79' lang='lat' dir='ltr'>Kalendas</span> <span class='ocrx_word' id='word_1_79' title='bbox 726 1809 811 1872; x_wconf 86' lang='lat' dir='ltr'>Junii</span> <span class='ocrx_word' id='word_1_80' title='bbox 835 1831 903 1872; x_wconf 87' lang='lat' dir='ltr'>non</span> <span class='ocrx_word' id='word_1_81' title='bbox 926 1811 961 1872; x_wconf 89' lang='lat' dir='ltr'>in</span> <span class='ocrx_word' id='word_1_82' title='bbox 982 1811 1068 1876; x_wconf 91' lang='lat' dir='ltr'>hunc</span> <span class='ocrx_word' id='word_1_83' title='bbox 1094 1833 1149 1876; x_wconf 75' lang='lat' dir='ltr'>an·</span> 
     </span>
     <span class='ocr_line' id='line_1_12' title="bbox 121 1926 1149 2016; baseline 0.006 -26"><span class='ocrx_word' id='word_1_84' title='bbox 121 1943 215 2010; x_wconf 85' lang='lat' dir='ltr'>num,</span> <span class='ocrx_word' id='word_1_85' title='bbox 224 1926 323 1992; x_wconf 79' lang='lat' dir='ltr'>sedin</span> <span class='ocrx_word' id='word_1_86' title='bbox 335 1941 521 2014; x_wconf 85' lang='lat' dir='ltr'>sequentem</span> <span class='ocrx_word' id='word_1_87' title='bbox 530 1927 844 2015; x_wconf 81' lang='lat' dir='ltr'>septingentesimum</span> <span class='ocrx_word' id='word_1_88' title='bbox 852 1927 1048 1993; x_wconf 86' lang='lat' dir='ltr'>tricesimum</span> <span class='ocrx_word' id='word_1_89' title='bbox 1059 1930 1149 2016; x_wconf 77' lang='lat' dir='ltr'>quin·</span> 
     </span>
     <span class='ocr_line' id='line_1_13' title="bbox 119 2044 1142 2135; baseline -0.001 -21"><span class='ocrx_word' id='word_1_90' title='bbox 119 2059 189 2114; x_wconf 86' lang='lat' dir='ltr'>tum</span> <span class='ocrx_word' id='word_1_91' title='bbox 209 2044 425 2126; x_wconf 83' lang='lat' dir='ltr'>concurrisse,</span> <span class='ocrx_word' id='word_1_92' title='bbox 449 2067 487 2108; x_wconf 85' lang='lat' dir='ltr'>ex</span> <span class='ocrx_word' id='word_1_93' title='bbox 506 2044 622 2108; x_wconf 80' lang='lat' dir='ltr'>tabulis</span> <span class='ocrx_word' id='word_1_94' title='bbox 639 2044 873 2108; x_wconf 87' lang='lat' dir='ltr'>Astronomicis</span> <span class='ocrx_word' id='word_1_95' title='bbox 888 2058 1001 2107; x_wconf 90' lang='lat' dir='ltr'>notum</span> <span class='ocrx_word' id='word_1_96' title='bbox 1017 2045 1093 2134; x_wconf 91' lang='lat' dir='ltr'>est(</span> <span class='ocrx_word' id='word_1_97' title='bbox 1114 2047 1142 2135; x_wconf 88' lang='lat'>).</span> 
     </span>
     <span class='ocr_line' id='line_1_14' title="bbox 119 2161 1147 2247; baseline -0.003 -17"><span class='ocrx_word' id='word_1_98' title='bbox 119 2167 161 2230; x_wconf 80' lang='lat' dir='ltr'>Et</span> <span class='ocrx_word' id='word_1_99' title='bbox 194 2185 269 2229; x_wconf 84' lang='lat' dir='ltr'>sane</span> <span class='ocrx_word' id='word_1_100' title='bbox 296 2165 331 2227; x_wconf 94' lang='lat' dir='ltr'>in</span> <span class='ocrx_word' id='word_1_101' title='bbox 361 2161 544 2226; x_wconf 75' lang='lat' dir='ltr'>Annalibus</span> <span class='ocrx_word' id='word_1_102' title='bbox 582 2161 835 2243; x_wconf 78' lang='lat' dir='ltr'>Ultoniencibuc,</span> <span class='ocrx_word' id='word_1_103' title='bbox 868 2162 972 2225; x_wconf 89' lang='lat' dir='ltr'>obitus</span> <span class='ocrx_word' id='word_1_104' title='bbox 1005 2163 1071 2247; x_wconf 86' lang='lat' dir='ltr'>ejus</span> <span class='ocrx_word' id='word_1_105' title='bbox 1104 2161 1147 2231; x_wconf 82' lang='lat' dir='ltr'>ad</span> 
     </span>
     <span class='ocr_line' id='line_1_15' title="bbox 124 2279 1203 2372; baseline -0.002 -24"><span class='ocrx_word' id='word_1_106' title='bbox 124 2301 244 2348; x_wconf 81' lang='lat' dir='ltr'>annum</span> <span class='ocrx_word' id='word_1_107' title='bbox 270 2280 408 2346; x_wconf 84' lang='lat' dir='ltr'>refertur</span> <span class='ocrx_word' id='word_1_108' title='bbox 432 2279 514 2368; x_wconf 70' lang='lat'>734,</span> <span class='ocrx_word' id='word_1_109' title='bbox 540 2280 605 2344; x_wconf 78' lang='lat' dir='ltr'>sive</span> <span class='ocrx_word' id='word_1_110' title='bbox 631 2301 723 2344; x_wconf 81' lang='lat' dir='ltr'>aerae</span> <span class='ocrx_word' id='word_1_111' title='bbox 751 2293 879 2342; x_wconf 86' lang='lat' dir='ltr'>nostrae</span> <span class='ocrx_word' id='word_1_112' title='bbox 904 2279 1043 2369; x_wconf 78' lang='lat' dir='ltr'>vulgaris</span> <span class='ocrx_word' id='word_1_113' title='bbox 1063 2280 1147 2368; x_wconf 80' lang='lat'>735,</span> <span class='ocrx_word' id='word_1_114' title='bbox 1199 2365 1203 2372; x_wconf 28' lang='grc' dir='ltr'><strong><em>Ι</em></strong></span> 
     </span>
     <span class='ocr_line' id='line_1_16' title="bbox 125 2397 1151 2488; baseline -0.009 -22"><span class='ocrx_word' id='word_1_115' title='bbox 125 2421 200 2466; x_wconf 81' lang='lat' dir='ltr'>cum</span> <span class='ocrx_word' id='word_1_116' title='bbox 211 2401 277 2464; x_wconf 90' lang='lat' dir='ltr'>hoc</span> <span class='ocrx_word' id='word_1_117' title='bbox 289 2399 381 2464; x_wconf 87' lang='lat' dir='ltr'>brevi</span> <span class='ocrx_word' id='word_1_118' title='bbox 388 2399 513 2488; x_wconf 81' lang='lat' dir='ltr'>elogio:</span> <span class='ocrx_word' id='word_1_119' title='bbox 527 2419 636 2478; x_wconf 71' lang='lat' dir='ltr'>«anna,</span> <span class='ocrx_word' id='word_1_120' title='bbox 648 2397 773 2484; x_wconf 85' lang='lat' dir='ltr'>sapiens</span> <span class='ocrx_word' id='word_1_121' title='bbox 781 2398 954 2479; x_wconf 55' lang='lat' dir='ltr'>monum,</span> <span class='ocrx_word' id='word_1_122' title='bbox 966 2399 1151 2484; x_wconf 76' lang='lat' dir='ltr'>requievit.»</span> 
     </span>
     <span class='ocr_line' id='line_1_17' title="bbox 125 2514 1151 2612; baseline -0.001 -31"><span class='ocrx_word' id='word_1_123' title='bbox 125 2519 207 2583; x_wconf 88' lang='lat' dir='ltr'>Item</span> <span class='ocrx_word' id='word_1_124' title='bbox 230 2517 271 2581; x_wconf 81' lang='lat' dir='ltr'>ad</span> <span class='ocrx_word' id='word_1_125' title='bbox 298 2515 435 2581; x_wconf 87' lang='lat' dir='ltr'>eundem</span> <span class='ocrx_word' id='word_1_126' title='bbox 462 2537 582 2612; x_wconf 82' lang='lat' dir='ltr'>annum</span> <span class='ocrx_word' id='word_1_127' title='bbox 614 2529 743 2594; x_wconf 86' lang='lat' dir='ltr'>auctor,</span> <span class='ocrx_word' id='word_1_128' title='bbox 772 2514 827 2600; x_wconf 85' lang='lat' dir='ltr'>qui</span> <span class='ocrx_word' id='word_1_129' title='bbox 851 2536 955 2576; x_wconf 68' lang='lat' dir='ltr'>renen</span> <span class='ocrx_word' id='word_1_130' title='bbox 985 2515 1151 2603; x_wconf 85' lang='lat' dir='ltr'>epitomen</span> 
     </span>
     <span class='ocr_line' id='line_1_18' title="bbox 125 2630 1153 2724; baseline -0.001 -24"><span class='ocrx_word' id='word_1_131' title='bbox 125 2635 341 2700; x_wconf 74' lang='lat' dir='ltr'>continuaritz</span> <span class='ocrx_word' id='word_1_132' title='bbox 372 2652 476 2698; x_wconf 69' lang='lat' dir='ltr'>«nnnc</span> <span class='ocrx_word' id='word_1_133' title='bbox 504 2630 676 2720; x_wconf 82' lang='lat' dir='ltr'>Presbyter</span> <span class='ocrx_word' id='word_1_134' title='bbox 710 2631 813 2694; x_wconf 82' lang='lat' dir='ltr'>obiit»</span> <span class='ocrx_word' id='word_1_135' title='bbox 835 2630 897 2720; x_wconf 82' lang='grc'><strong>(3).</strong></span> <span class='ocrx_word' id='word_1_136' title='bbox 954 2631 1029 2697; x_wconf 89' lang='lat' dir='ltr'>Hoc</span> <span class='ocrx_word' id='word_1_137' title='bbox 1053 2634 1153 2724; x_wconf 79' lang='lat' dir='ltr'>igitur</span> 
     </span>
    </p>
   </div>
   <div class='ocr_carea' id='block_1_3' title="bbox 126 2749 1152 2839">
    <p class='ocr_par' dir='ltr' id='par_1_3' title="bbox 126 2749 1152 2839">
     <span class='ocr_line' id='line_1_19' title="bbox 126 2749 1152 2839; baseline 0.002 -22"><span class='ocrx_word' id='word_1_138' title='bbox 126 2773 228 2836; x_wconf 83' lang='lat' dir='ltr'>anno,</span> <span class='ocrx_word' id='word_1_139' title='bbox 246 2751 357 2816; x_wconf 81' lang='lat' dir='ltr'>aetatis</span> <span class='ocrx_word' id='word_1_140' title='bbox 371 2770 445 2815; x_wconf 85' lang='lat' dir='ltr'>snae</span> <span class='ocrx_word' id='word_1_141' title='bbox 460 2749 656 2839; x_wconf 76' lang='lat' dir='ltr'>sexagesimo</span> <span class='ocrx_word' id='word_1_142' title='bbox 668 2749 782 2832; x_wconf 87' lang='lat' dir='ltr'>tertio,</span> <span class='ocrx_word' id='word_1_143' title='bbox 800 2763 963 2814; x_wconf 87' lang='lat' dir='ltr'>mortuum</span> <span class='ocrx_word' id='word_1_144' title='bbox 979 2774 1051 2816; x_wconf 86' lang='lat' dir='ltr'>eum</span> <span class='ocrx_word' id='word_1_145' title='bbox 1067 2771 1152 2836; x_wconf 81' lang='lat' dir='ltr'>esse,</span> 
     </span>
    </p>
   </div>
   <div class='ocr_carea' id='block_1_4' title="bbox 161 3031 1157 4359">
    <p class='ocr_par' dir='ltr' id='par_1_4' title="bbox 162 3031 1152 3440">
     <span class='ocr_line' id='line_1_20' title="bbox 162 3031 1151 3106; baseline 0.003 -19"><span class='ocrx_word' id='word_1_146' title='bbox 162 3031 205 3106; x_wconf 80' lang='lat'>(1)</span> <span class='ocrx_word' id='word_1_147' title='bbox 225 3033 268 3090; x_wconf 87' lang='lat' dir='ltr'>Sic</span> <span class='ocrx_word' id='word_1_148' title='bbox 289 3037 367 3086; x_wconf 85' lang='lat' dir='ltr'>etiam</span> <span class='ocrx_word' id='word_1_149' title='bbox 391 3037 485 3088; x_wconf 68' lang='lat' dir='ltr'>Cicron.</span> <span class='ocrx_word' id='word_1_150' title='bbox 502 3036 602 3087; x_wconf 71' lang='lat' dir='ltr'>Soron.</span> <span class='ocrx_word' id='word_1_151' title='bbox 625 3035 694 3086; x_wconf 78' lang='lat' dir='ltr'>Edit.</span> <span class='ocrx_word' id='word_1_152' title='bbox 710 3049 808 3088; x_wconf 79' lang='lat' dir='ltr'>ctnson.</span> <span class='ocrx_word' id='word_1_153' title='bbox 826 3055 853 3106; x_wconf 86' lang='lat' dir='ltr'>p.</span> <span class='ocrx_word' id='word_1_154' title='bbox 868 3038 911 3089; x_wconf 77' lang='lat'>54.</span> <span class='ocrx_word' id='word_1_155' title='bbox 930 3039 1031 3105; x_wconf 82' lang='lat' dir='ltr'>Alford</span> <span class='ocrx_word' id='word_1_156' title='bbox 1043 3043 1151 3095; x_wconf 71' lang='lat' dir='ltr'>Annal.</span> 
     </span>
     <span class='ocr_line' id='line_1_21' title="bbox 232 3117 1151 3190; baseline 0.009 -21"><span class='ocrx_word' id='word_1_157' title='bbox 232 3118 384 3187; x_wconf 78' lang='lat' dir='ltr'>(auctorest</span> <span class='ocrx_word' id='word_1_158' title='bbox 399 3133 540 3183; x_wconf 78' lang='lat' dir='ltr'>oarrrrrn,</span> <span class='ocrx_word' id='word_1_159' title='bbox 563 3136 578 3170; x_wconf 91' lang='lat' dir='ltr'>e</span> <span class='ocrx_word' id='word_1_160' title='bbox 594 3120 712 3170; x_wconf 80' lang='lat' dir='ltr'>societate</span> <span class='ocrx_word' id='word_1_161' title='bbox 726 3121 797 3187; x_wconf 74' lang='lat' dir='ltr'>sisu)</span> <span class='ocrx_word' id='word_1_162' title='bbox 814 3118 874 3171; x_wconf 80' lang='lat' dir='ltr'>Vol.</span> <span class='ocrx_word' id='word_1_163' title='bbox 889 3117 923 3171; x_wconf 91' lang='lat' dir='ltr'>Il.</span> <span class='ocrx_word' id='word_1_164' title='bbox 938 3140 966 3190; x_wconf 90' lang='lat' dir='ltr'>p.</span> <span class='ocrx_word' id='word_1_165' title='bbox 979 3123 1041 3175; x_wconf 77' lang='lat' dir='ltr'>tto.</span> <span class='ocrx_word' id='word_1_166' title='bbox 1060 3138 1082 3175; x_wconf 79' lang='lat' dir='ltr'>r.</span> <span class='ocrx_word' id='word_1_167' title='bbox 1097 3140 1151 3177; x_wconf 66' lang='grc' dir='ltr'>ιι-</span> 
     </span>
     <span class='ocr_line' id='line_1_22' title="bbox 229 3201 1150 3273; baseline 0.003 -21"><span class='ocrx_word' id='word_1_168' title='bbox 229 3215 288 3252; x_wconf 75' lang='lat' dir='ltr'>uus</span> <span class='ocrx_word' id='word_1_169' title='bbox 313 3201 412 3266; x_wconf 75' lang='lat' dir='ltr'>Script.</span> <span class='ocrx_word' id='word_1_170' title='bbox 431 3201 538 3253; x_wconf 75' lang='lat' dir='ltr'>Illuttr.</span> <span class='ocrx_word' id='word_1_171' title='bbox 560 3203 629 3269; x_wconf 82' lang='lat' dir='ltr'>Maj.</span> <span class='ocrx_word' id='word_1_172' title='bbox 649 3203 722 3253; x_wconf 74' lang='lat' dir='ltr'>Brit.</span> <span class='ocrx_word' id='word_1_173' title='bbox 746 3203 823 3254; x_wconf 79' lang='lat' dir='ltr'>Ceut.</span> <span class='ocrx_word' id='word_1_174' title='bbox 844 3205 879 3255; x_wconf 90' lang='grc' dir='ltr'>Π.</span> <span class='ocrx_word' id='word_1_175' title='bbox 900 3223 928 3273; x_wconf 82' lang='lat' dir='ltr'>p.</span> <span class='ocrx_word' id='word_1_176' title='bbox 948 3207 991 3258; x_wconf 79' lang='grc'>97.</span> <span class='ocrx_word' id='word_1_177' title='bbox 1028 3205 1150 3262; x_wconf 73' lang='grc' dir='ltr'>Τιιτιι..</span> 
     </span>
     <span class='ocr_line' id='line_1_23' title="bbox 231 3282 1152 3360; baseline 0.011 -26"><span class='ocrx_word' id='word_1_178' title='bbox 231 3298 290 3334; x_wconf 72' lang='lat' dir='ltr'>utut</span> <span class='ocrx_word' id='word_1_179' title='bbox 304 3282 350 3334; x_wconf 89' lang='lat' dir='ltr'>l.l.</span> <span class='ocrx_word' id='word_1_180' title='bbox 365 3285 484 3347; x_wconf 86' lang='lat' dir='ltr'>monuit,</span> <span class='ocrx_word' id='word_1_181' title='bbox 501 3300 584 3336; x_wconf 74' lang='lat' dir='ltr'>arnan</span> <span class='ocrx_word' id='word_1_182' title='bbox 597 3303 665 3336; x_wconf 85' lang='lat' dir='ltr'>anno</span> <span class='ocrx_word' id='word_1_183' title='bbox 679 3287 749 3349; x_wconf 80' lang='lat'>733,</span> <span class='ocrx_word' id='word_1_184' title='bbox 766 3289 855 3337; x_wconf 80' lang='lat' dir='ltr'>aetatis</span> <span class='ocrx_word' id='word_1_185' title='bbox 868 3289 918 3353; x_wconf 85' lang='lat'>72,</span> <span class='ocrx_word' id='word_1_186' title='bbox 938 3289 1051 3355; x_wconf 85' lang='lat' dir='ltr'>obiisse,</span> <span class='ocrx_word' id='word_1_187' title='bbox 1068 3310 1152 3360; x_wconf 77' lang='lat' dir='ltr'>qrnm</span> 
     </span>
     <span class='ocr_line' id='line_1_24' title="bbox 230 3365 1055 3440; baseline 0.01 -24"><span class='ocrx_word' id='word_1_188' title='bbox 230 3365 394 3434; x_wconf 77' lang='lat' dir='ltr'>computandi</span> <span class='ocrx_word' id='word_1_189' title='bbox 410 3367 537 3417; x_wconf 84' lang='lat' dir='ltr'>rationem</span> <span class='ocrx_word' id='word_1_190' title='bbox 551 3368 622 3418; x_wconf 86' lang='lat' dir='ltr'>unde</span> <span class='ocrx_word' id='word_1_191' title='bbox 638 3367 684 3419; x_wconf 87' lang='lat' dir='ltr'>ille</span> <span class='ocrx_word' id='word_1_192' title='bbox 698 3371 841 3437; x_wconf 80' lang='lat' dir='ltr'>acceperit,</span> <span class='ocrx_word' id='word_1_193' title='bbox 858 3387 912 3419; x_wconf 88' lang='lat' dir='ltr'>non</span> <span class='ocrx_word' id='word_1_194' title='bbox 927 3371 1055 3440; x_wconf 76' lang='lat' dir='ltr'>intelligo.</span> 
     </span>
    </p>

    <p class='ocr_par' dir='ltr' id='par_1_5' title="bbox 163 3445 1157 4258">
     <span class='ocr_line' id='line_1_25' title="bbox 163 3445 1152 3525; baseline 0.006 -26"><span class='ocrx_word' id='word_1_195' title='bbox 163 3449 207 3518; x_wconf 58' lang='lat'>(2)</span> <span class='ocrx_word' id='word_1_196' title='bbox 225 3445 287 3501; x_wconf 77' lang='lat' dir='ltr'>vid.</span> <span class='ocrx_word' id='word_1_197' title='bbox 305 3449 397 3518; x_wconf 77' lang='lat' dir='ltr'>Snppl.</span> <span class='ocrx_word' id='word_1_198' title='bbox 424 3451 545 3502; x_wconf 71' lang='lat' dir='ltr'>cmonct.</span> <span class='ocrx_word' id='word_1_199' title='bbox 568 3467 649 3502; x_wconf 73' lang='lat' dir='ltr'>tenir</span> <span class='ocrx_word' id='word_1_200' title='bbox 673 3453 779 3502; x_wconf 71' lang='lat' dir='ltr'>Hister.</span> <span class='ocrx_word' id='word_1_201' title='bbox 797 3453 827 3501; x_wconf 89' lang='lat' dir='ltr'>in</span> <span class='ocrx_word' id='word_1_202' title='bbox 840 3453 943 3502; x_wconf 72' lang='lat' dir='ltr'>lteram</span> <span class='ocrx_word' id='word_1_203' title='bbox 958 3454 1032 3504; x_wconf 80' lang='lat' dir='ltr'>Brit.</span> <span class='ocrx_word' id='word_1_204' title='bbox 1052 3455 1152 3525; x_wconf 62' lang='grc' dir='ltr'>δαίμ.</span> 
     </span>
     <span class='ocr_line' id='line_1_26' title="bbox 232 3537 1154 3609; baseline 0.001 -19"><span class='ocrx_word' id='word_1_205' title='bbox 232 3539 335 3590; x_wconf 69' lang='lat' dir='ltr'>Vetusi.</span> <span class='ocrx_word' id='word_1_206' title='bbox 356 3555 383 3606; x_wconf 88' lang='lat' dir='ltr'>p.</span> <span class='ocrx_word' id='word_1_207' title='bbox 398 3539 459 3588; x_wconf 80' lang='lat'>229.</span> <span class='ocrx_word' id='word_1_208' title='bbox 495 3537 561 3589; x_wconf 78' lang='lat' dir='ltr'>Get.</span> <span class='ocrx_word' id='word_1_209' title='bbox 582 3539 705 3590; x_wconf 78' lang='lat' dir='ltr'>Malmcb.</span> <span class='ocrx_word' id='word_1_210' title='bbox 723 3539 743 3588; x_wconf 92' lang='lat' dir='ltr'>l.</span> <span class='ocrx_word' id='word_1_211' title='bbox 758 3537 780 3591; x_wconf 89' lang='lat' dir='ltr'>l.</span> <span class='ocrx_word' id='word_1_212' title='bbox 814 3537 914 3590; x_wconf 74' lang='lat' dir='ltr'>Srnroa</span> <span class='ocrx_word' id='word_1_213' title='bbox 936 3539 1061 3589; x_wconf 81' lang='lat' dir='ltr'>Dunelm.</span> <span class='ocrx_word' id='word_1_214' title='bbox 1080 3541 1154 3609; x_wconf 66' lang='lat' dir='ltr'>apud*</span> 
     </span>
     <span class='ocr_line' id='line_1_27' title="bbox 230 3614 1157 3689; baseline 0.005 -17"><span class='ocrx_word' id='word_1_215' title='bbox 230 3614 391 3689; x_wconf 79' lang='lat' dir='ltr'>XScriptor.</span> <span class='ocrx_word' id='word_1_216' title='bbox 428 3617 498 3673; x_wconf 83' lang='lat' dir='ltr'>coll.</span> <span class='ocrx_word' id='word_1_217' title='bbox 514 3623 531 3672; x_wconf 83' lang='lat'>8</span> <span class='ocrx_word' id='word_1_218' title='bbox 547 3632 571 3672; x_wconf 85' lang='lat' dir='ltr'>et</span> <span class='ocrx_word' id='word_1_219' title='bbox 584 3623 627 3672; x_wconf 91' lang='grc'>77.</span> <span class='ocrx_word' id='word_1_220' title='bbox 663 3623 785 3686; x_wconf 68' lang='lat' dir='ltr'>llottntzt</span> <span class='ocrx_word' id='word_1_221' title='bbox 806 3623 908 3672; x_wconf 80' lang='lat' dir='ltr'>Annat.</span> <span class='ocrx_word' id='word_1_222' title='bbox 930 3624 998 3673; x_wconf 85' lang='lat' dir='ltr'>inter</span> <span class='ocrx_word' id='word_1_223' title='bbox 1011 3624 1157 3678; x_wconf 76' lang='lat' dir='ltr'>Historicoe·</span> 
     </span>
     <span class='ocr_line' id='line_1_28' title="bbox 229 3701 1153 3774; baseline 0.006 -19"><span class='ocrx_word' id='word_1_224' title='bbox 229 3715 287 3774; x_wconf 79' lang='lat' dir='ltr'>poet</span> <span class='ocrx_word' id='word_1_225' title='bbox 303 3715 388 3754; x_wconf 72' lang='lat' dir='ltr'>ntuetr</span> <span class='ocrx_word' id='word_1_226' title='bbox 400 3721 428 3772; x_wconf 90' lang='lat' dir='ltr'>p.</span> <span class='ocrx_word' id='word_1_227' title='bbox 443 3701 503 3755; x_wconf 72' lang='lat'>402.</span> <span class='ocrx_word' id='word_1_228' title='bbox 521 3703 619 3757; x_wconf 76' lang='lat' dir='ltr'>Sronts</span> <span class='ocrx_word' id='word_1_229' title='bbox 634 3707 697 3758; x_wconf 71' lang='lat' dir='ltr'>Act.</span> <span class='ocrx_word' id='word_1_230' title='bbox 713 3707 791 3758; x_wconf 73' lang='lat' dir='ltr'>rm.</span> <span class='ocrx_word' id='word_1_231' title='bbox 807 3703 922 3757; x_wconf 78' lang='lat' dir='ltr'>Eborac.</span> <span class='ocrx_word' id='word_1_232' title='bbox 937 3704 1061 3758; x_wconf 80' lang='lat' dir='ltr'>Column.</span> <span class='ocrx_word' id='word_1_233' title='bbox 1074 3709 1153 3761; x_wconf 75' lang='lat' dir='ltr'>totto.</span> 
     </span>
     <span class='ocr_line' id='line_1_29' title="bbox 229 3787 1150 3854; baseline 0.004 -15"><span class='ocrx_word' id='word_1_234' title='bbox 229 3787 271 3839; x_wconf 81' lang='lat' dir='ltr'>cf.</span> <span class='ocrx_word' id='word_1_235' title='bbox 293 3803 431 3840; x_wconf 72' lang='lat' dir='ltr'>nenttton.</span> <span class='ocrx_word' id='word_1_236' title='bbox 450 3791 511 3840; x_wconf 83' lang='lat' dir='ltr'>Act.</span> <span class='ocrx_word' id='word_1_237' title='bbox 532 3791 630 3842; x_wconf 80' lang='lat' dir='ltr'>Bencd.</span> <span class='ocrx_word' id='word_1_238' title='bbox 647 3791 704 3842; x_wconf 86' lang='lat' dir='ltr'>Sec.</span> <span class='ocrx_word' id='word_1_239' title='bbox 726 3789 775 3840; x_wconf 87' lang='lat' dir='ltr'>III.</span> <span class='ocrx_word' id='word_1_240' title='bbox 798 3789 870 3841; x_wconf 88' lang='lat' dir='ltr'>Parte</span> <span class='ocrx_word' id='word_1_241' title='bbox 889 3789 910 3840; x_wconf 90' lang='grc' dir='ltr'>Ι.</span> <span class='ocrx_word' id='word_1_242' title='bbox 933 3789 990 3854; x_wconf 62' lang='grc'>17.</span> <span class='ocrx_word' id='word_1_243' title='bbox 1007 3801 1032 3841; x_wconf 90' lang='lat' dir='ltr'>et</span> <span class='ocrx_word' id='word_1_244' title='bbox 1045 3809 1071 3842; x_wconf 72' lang='lat' dir='ltr'>a.</span> <span class='ocrx_word' id='word_1_245' title='bbox 1089 3807 1150 3843; x_wconf 82' lang='lat' dir='ltr'>mar</span> 
     </span>
     <span class='ocr_line' id='line_1_30' title="bbox 233 3872 1151 3940; baseline 0.002 -18"><span class='ocrx_word' id='word_1_246' title='bbox 233 3875 297 3924; x_wconf 78' lang='lat' dir='ltr'>erit.</span> <span class='ocrx_word' id='word_1_247' title='bbox 314 3874 386 3924; x_wconf 74' lang='lat' dir='ltr'>litet.</span> <span class='ocrx_word' id='word_1_248' title='bbox 406 3875 500 3924; x_wconf 75' lang='lat' dir='ltr'>Cicron.</span> <span class='ocrx_word' id='word_1_249' title='bbox 517 3876 619 3926; x_wconf 84' lang='lat' dir='ltr'>Annal.</span> <span class='ocrx_word' id='word_1_250' title='bbox 636 3889 742 3926; x_wconf 74' lang='lat' dir='ltr'>nanontt</span> <span class='ocrx_word' id='word_1_251' title='bbox 760 3873 836 3926; x_wconf 83' lang='lat' dir='ltr'>Tom.</span> <span class='ocrx_word' id='word_1_252' title='bbox 849 3872 895 3923; x_wconf 75' lang='lat' dir='ltr'>lx.</span> <span class='ocrx_word' id='word_1_253' title='bbox 910 3892 937 3940; x_wconf 88' lang='lat' dir='ltr'>p.</span> <span class='ocrx_word' id='word_1_254' title='bbox 951 3874 1028 3925; x_wconf 88' lang='grc'><strong>1117.</strong></span> <span class='ocrx_word' id='word_1_255' title='bbox 1043 3876 1084 3924; x_wconf 71' lang='grc' dir='ltr'>ηθ.</span> <span class='ocrx_word' id='word_1_256' title='bbox 1099 3873 1151 3924; x_wconf 74' lang='lat' dir='ltr'>lt.</span> 
     </span>
     <span class='ocr_line' id='line_1_31' title="bbox 230 3955 1153 4026; baseline -0.003 -18"><span class='ocrx_word' id='word_1_257' title='bbox 230 3955 370 4024; x_wconf 84' lang='lat' dir='ltr'>Scripserat</span> <span class='ocrx_word' id='word_1_258' title='bbox 385 3974 489 4024; x_wconf 87' lang='lat' dir='ltr'>quoque</span> <span class='ocrx_word' id='word_1_259' title='bbox 513 3973 590 4010; x_wconf 84' lang='lat' dir='ltr'>sntrn</span> <span class='ocrx_word' id='word_1_260' title='bbox 613 3962 641 4009; x_wconf 89' lang='lat' dir='ltr'>in</span> <span class='ocrx_word' id='word_1_261' title='bbox 662 3971 720 4010; x_wconf 85' lang='lat' dir='ltr'>nota</span> <span class='ocrx_word' id='word_1_262' title='bbox 735 3961 766 4009; x_wconf 85' lang='lat' dir='ltr'>ad</span> <span class='ocrx_word' id='word_1_263' title='bbox 781 3960 871 4026; x_wconf 74' lang='lat' dir='ltr'>Epist.</span> <span class='ocrx_word' id='word_1_264' title='bbox 888 3959 923 4007; x_wconf 86' lang='lat' dir='ltr'>cd</span> <span class='ocrx_word' id='word_1_265' title='bbox 942 3973 1076 4006; x_wconf 80' lang='lat' dir='ltr'>tootnrun</span> <span class='ocrx_word' id='word_1_266' title='bbox 1097 3973 1153 4005; x_wconf 75' lang='lat' dir='ltr'>an-</span> 
     </span>
     <span class='ocr_line' id='line_1_32' title="bbox 229 4041 1152 4104; baseline 0.004 -16"><span class='ocrx_word' id='word_1_267' title='bbox 229 4055 293 4089; x_wconf 85' lang='lat' dir='ltr'>num</span> <span class='ocrx_word' id='word_1_268' title='bbox 315 4041 399 4090; x_wconf 76' lang='lat' dir='ltr'>obitus</span> <span class='ocrx_word' id='word_1_269' title='bbox 422 4055 502 4090; x_wconf 64' lang='lat' dir='ltr'>ntor:</span> <span class='ocrx_word' id='word_1_270' title='bbox 523 4041 574 4091; x_wconf 77' lang='grc'>734</span> <span class='ocrx_word' id='word_1_271' title='bbox 596 4043 693 4104; x_wconf 81' lang='lat' dir='ltr'>luisse,</span> <span class='ocrx_word' id='word_1_272' title='bbox 721 4043 765 4092; x_wconf 79' lang='lat' dir='ltr'>ted</span> <span class='ocrx_word' id='word_1_273' title='bbox 794 4045 822 4090; x_wconf 89' lang='lat' dir='ltr'>in</span> <span class='ocrx_word' id='word_1_274' title='bbox 849 4041 1006 4091; x_wconf 79' lang='lat' dir='ltr'>Praelatione</span> <span class='ocrx_word' id='word_1_275' title='bbox 1035 4057 1152 4092; x_wconf 83' lang='lat' dir='ltr'>errorem</span> 
     </span>
     <span class='ocr_line' id='line_1_33' title="bbox 230 4123 1154 4192; baseline 0.004 -20"><span class='ocrx_word' id='word_1_276' title='bbox 230 4124 357 4186; x_wconf 83' lang='lat' dir='ltr'>correxit,</span> <span class='ocrx_word' id='word_1_277' title='bbox 380 4123 552 4172; x_wconf 86' lang='lat' dir='ltr'>certissimum</span> <span class='ocrx_word' id='word_1_278' title='bbox 574 4140 629 4174; x_wconf 86' lang='lat' dir='ltr'>csse</span> <span class='ocrx_word' id='word_1_279' title='bbox 652 4124 760 4187; x_wconf 81' lang='lat' dir='ltr'>dicens,</span> <span class='ocrx_word' id='word_1_280' title='bbox 782 4141 842 4174; x_wconf 87' lang='lat' dir='ltr'>cum</span> <span class='ocrx_word' id='word_1_281' title='bbox 863 4124 982 4192; x_wconf 79' lang='lat' dir='ltr'>proximo</span> <span class='ocrx_word' id='word_1_282' title='bbox 1003 4140 1072 4174; x_wconf 78' lang='lat' dir='ltr'>enno</span> <span class='ocrx_word' id='word_1_283' title='bbox 1097 4127 1154 4176; x_wconf 70' lang='lat' dir='ltr'>vite</span> 
     </span>
     <span class='ocr_line' id='line_1_34' title="bbox 225 4207 562 4258; baseline -0.009 0"><span class='ocrx_word' id='word_1_284' title='bbox 225 4223 281 4258; x_wconf 78' lang='lat' dir='ltr'>esse</span> <span class='ocrx_word' id='word_1_285' title='bbox 295 4207 456 4258; x_wconf 81' lang='lat' dir='ltr'>deiunctum.</span> <span class='ocrx_word' id='word_1_286' title='bbox 560 4234 562 4242; x_wconf 43' lang='grc' dir='ltr'><em>ν</em></span> 
     </span>
    </p>

    <p class='ocr_par' dir='ltr' id='par_1_6' title="bbox 161 4284 1135 4359">
     <span class='ocr_line' id='line_1_35' title="bbox 161 4284 1135 4359; baseline 0 -19"><span class='ocrx_word' id='word_1_287' title='bbox 161 4291 202 4359; x_wconf 74' lang='grc'>(3)</span> <span class='ocrx_word' id='word_1_288' title='bbox 223 4290 265 4344; x_wconf 81' lang='lat' dir='ltr'>cf.</span> <span class='ocrx_word' id='word_1_289' title='bbox 281 4306 399 4344; x_wconf 70' lang='lat' dir='ltr'>winerat</span> <span class='ocrx_word' id='word_1_290' title='bbox 414 4292 442 4344; x_wconf 90' lang='lat' dir='ltr'>in</span> <span class='ocrx_word' id='word_1_291' title='bbox 458 4289 540 4344; x_wconf 80' lang='lat' dir='ltr'>Praei.</span> <span class='ocrx_word' id='word_1_292' title='bbox 557 4289 589 4340; x_wconf 82' lang='lat' dir='ltr'>ad</span> <span class='ocrx_word' id='word_1_293' title='bbox 606 4287 674 4341; x_wconf 73' lang='lat' dir='ltr'>tait.</span> <span class='ocrx_word' id='word_1_294' title='bbox 699 4291 906 4359; x_wconf 65' lang='lat' dir='ltr'>operantum,</span> <span class='ocrx_word' id='word_1_295' title='bbox 926 4284 1034 4340; x_wconf 83' lang='lat' dir='ltr'>llnblin.</span> <span class='ocrx_word' id='word_1_296' title='bbox 1052 4288 1135 4342; x_wconf 46' lang='lat' dir='ltr'>leot..</span> 
     </span>
    </p>
   </div>
   <div class='ocr_carea' id='block_1_5' title="bbox 0 0 1468 5392">
    <p class='ocr_par' dir='ltr' id='par_1_7' title="bbox 0 0 1468 5392">
     <span class='ocr_line' id='line_1_36' title="bbox 0 0 1468 5392; baseline 0 0"><span class='ocrx_word' id='word_1_297' title='bbox 0 0 1468 5392; x_wconf 95' lang='lat' dir='ltr'> </span> 
     </span>
    </p>
   </div>
  </div>
 </body>
</html>
