2909 5392
837 528 876 590 ts

338 707 405 790 ris,
419 709 552 794 jubente
572 727 756 771 euousnroo
776 706 922 789 Abbate,
935 704 977 770 de
996 705 1161 770 territorio
1180 703 1387 770 monasterii

341 849 435 906 rurus
465 839 497 889 et
523 846 622 889 raum
652 825 699 892 W
697 825 869 905 tremader,
905 839 1013 889 mente
1045 824 1122 889 licet
1152 846 1220 888 non
1251 824 1384 888 habitu

340 943 550 1025 monasticus,
566 946 634 1030 jam
655 942 829 1033 disciplinis
848 943 1035 1024 inhaerens,
1056 963 1143 1006 auno
1156 942 1222 1007 682
1240 940 1382 1030 (aetatis

338 1062 435 1151 igitur
468 1060 595 1126 decimo
606 1061 630 1150 !)
667 1061 849 1150 pervenisse
885 1059 1145 1148 cantabrigiam,
1169 1059 1226 1123 ubi
1248 1059 1314 1122 sibi
1342 1073 1381 1122 et

341 1179 410 1244 aliis
440 1179 560 1244 fructus
594 1179 746 1244 scientiae
778 1176 989 1260 seminando,
1028 1177 1130 1241 libros
1163 1173 1373 1259 scribendo,

341 1296 459 1361 inscios
483 1295 706 1380 informando,
735 1296 911 1385 profecerit
937 1317 1048 1362 coram
1072 1294 1146 1359 Deo
1172 1311 1206 1360 et
1228 1293 1378 1358 homini·

342 1413 401 1476 bus
432 1413 467 1475 in
502 1415 664 1477 erroribus
694 1411 915 1480 enervandis.»
960 1413 1038 1476 Post
1073 1411 1188 1476 mirltas
1223 1411 1300 1478 dein
1340 1425 1378 1474 et

342 1529 444 1594 varias
469 1528 715 1618 disceptationes
746 1545 859 1594 contra
893 1530 1038 1619 Paganos
1069 1531 1104 1593 iu
1137 1527 1291 1594 cathedra
1312 1527 1378 1592 Se·

307 1675 312 1682 ·
342 1647 471 1712 niorum
502 1648 561 1712 sub
595 1648 690 1712 Putre
719 1669 909 1731 winruroo,
940 1646 1190 1723 adsentientibus
1216 1647 1305 1712 clero
1339 1657 1379 1710 et

342 1764 492 1853 praelatis
516 1765 628 1854 regni,
652 1765 752 1855 pallio
775 1766 908 1830 honoris
930 1780 963 1830 et
982 1765 1070 1865 pileo
1091 1762 1269 1854 dignitatis,
1297 1764 1379 1828 for·

343 1905 396 1948 ma
426 1882 686 1966 Atheniensium,
720 1882 763 1947 ad
794 1882 922 1948 laudem
955 1899 1084 1948 evectus
1118 1881 1212 1946 foisse
1246 1881 1378 1945 dicitur

343 2002 384 2066 A.
419 2001 510 2087 689,
547 2002 624 2088 quin
659 2003 758 2066 etiam
792 2002 861 2092 ipse
896 2017 1008 2091 postea
1039 2000 1185 2066 docuisse
1216 1999 1376 2088 perhibe·

340 2134 393 2182 tur
419 2117 479 2206 (ι).
527 2117 625 2200 Quod
657 2118 699 2184 ad
732 2119 935 2208 probandum
963 2121 1103 2186 citam
1123 2119 1248 2183 literne
1273 2141 1374 2207 quae·

342 2234 416 2299 dam
440 2237 481 2299 ab
503 2259 647 2319 suino,
672 2260 770 2325 quum
791 2239 1020 2326 obsequeretur
1041 2259 1172 2302 canoro
1193 2258 1307 2301 usone
1332 2237 1371 2300 in

341 2355 504 2438 Francia,
538 2355 579 2419 ad
604 2354 743 2422 scholae
772 2357 1046 2445 Cantcbngriemr‘s
1073 2356 1218 2420 alumnos
1239 2356 1371 2420 missae.

341 2469 424 2535 Sunt
445 2489 551 2537 autem
572 2474 649 2538 hae:

387 2590 561 2656 «Discretis
593 2613 724 2655 cunrsrr
756 2589 969 2674 haeredibus,
999 2591 1223 2656 immaculatae
1254 2589 1370 2655 Matris

345 2697 572 2796 Cantabrigiae
604 2707 825 2792 scholaribus,
865 2731 1043 2792 incrinus,
1086 2709 1153 2775 rita
1190 2723 1366 2798 peccator,

341 2825 475 2890 salutem
518 2841 552 2889 et
591 2824 759 2890 doctrinae
793 2827 963 2890 virtutibus
999 2827 1147 2916 gloriam.
1204 2825 1366 2906 Quoniam

342 2943 523 3032 ignorantia
556 2959 657 3008 mater
687 2961 735 3008 est
763 2945 902 3038 erroris,
935 2967 1016 3038 rogo
1045 2943 1182 3042 intime,
1215 2959 1252 3008 ut
1283 2944 1366 3010 inter

344 3082 402 3124 vos
432 3079 611 3126 assuescant
644 3064 737 3152 pueri
768 3061 892 3129 adstare
917 3062 1063 3127 laudibus
1094 3063 1224 3150 superui
1251 3062 1363 3152 Regis,

342 3196 410 3241 non
440 3179 583 3266 vulpium
613 3179 726 3245 fodere
756 3197 925 3261 cavernas,
959 3202 1026 3245 nou
1057 3179 1186 3270 fugaces
1219 3180 1365 3270 leporum

344 3318 452 3364 cursus
477 3299 589 3386 sequi,
625 3297 751 3364 discant
775 3323 861 3364 nuuc
886 3300 1066 3388 Scripturas
1097 3299 1228 3382 Sacros,
1258 3299 1366 3363 habita

344 3415 529 3502 cognitione
559 3418 698 3481 veritatis
732 3418 908 3499 scientiae,
944 3432 980 3480 ot
1009 3418 1056 3480 ita
1092 3432 1198 3481 aetaue
1224 3416 1365 3506 perfecta

344 3530 423 3594 alios
447 3530 565 3598 docere
587 3537 721 3625 possint.
770 3537 983 3626 Recogitate,
1008 3535 1168 3618 obsecr0,
1193 3535 1362 3616 carissimi,

343 3643 574 3716 nobilissimum
598 3655 698 3717 nostri
722 3654 877 3742 temporis
898 3654 1083 3743 magistrum
1106 3676 1216 3718 sunau
1236 3653 1364 3742 Presby-

607 3825 641 3834 ...-

450 3921 505 3984 lege
527 3921 555 3970 in
575 3921 653 3972 5622.
676 3921 785 3973 Londou
806 3921 884 3973 1⁷21.
908 3941 969 3993 pag.
989 3925 1021 3975 11
1044 3938 1100 3994 seq.
1136 3927 1169 3978 Et
1182 3928 1291 3978 itsmm:
1309 3923 1365 3978 ΐΙιι

449 4005 524 4056 Hist.
543 4006 596 4055 ond
607 4008 701 4073 Anuq.
716 4009 750 4073 of
760 4008 800 4057 tire
814 4008 893 4058 Univ.
908 4011 942 4076 os
955 4011 1059 4063 causor.
1074 4013 1107 4080 by
1122 4025 1237 4063 usousun
1252 4024 1363 4075 runnu,

447 4091 554 4158 printed
562 4092 613 4156 sor
625 4105 647 4142 J.
663 4105 782 4156 niueos,
805 4097 834 4143 at
848 4094 889 4143 the
903 4093 1006 4143 Indiave
1024 4096 1129 4159 Quem,
1150 4099 1177 4146 ὅτι
1192 4098 1234 4148 tite
1246 4096 1363 4164 pcsltry.

452 4168 570 4222 Loudnn.
587 4197 621 4210 -
639 4172 695 4222 Duo
708 4173 739 4223 hi
753 4185 813 4226 suut
824 4176 1027 4243 tituli'ejusdem
1039 4178 1110 4230 libri.

390 4251 431 4316 (i)
452 4249 595 4304 Gustatus.
611 4254 628 4303 l.
645 4255 663 4304 Ι.
678 4273 738 4322 pag.
752 4256 812 4308 2⁷5.
