2909 5392
614 537 655 600 tt

118 719 179 784 sibi
209 717 286 784 velit
311 719 547 784 Lectionorium
574 725 849 801 anniversarium,
886 719 995 806 «quod
1022 720 1149 809 praedi-

117 837 268 904 cantibus
288 837 413 920 habite,
438 851 471 901 et
497 836 662 918 manuale,
687 851 721 902 et
742 835 942 902 utilissimum
961 860 1028 902 esse
1043 838 1147 904 videa·

115 968 189 1018 tur·
207 955 269 1044 (r).
302 954 463 1036 Plurimae
474 970 580 1020 autem
594 977 699 1020 sanun
711 953 978 1020 circumferuntur
987 957 1148 1023 Homilt’oe

115 1086 150 1138 ct
164 1073 349 1139 Sermones.¹
374 1074 535 1162 Operibus
552 1076 618 1160 ejus
631 1073 769 1138 insertae
782 1087 855 1136 sunt
868 1073 1029 1138 Homilr‘oe
1042 1077 1148 1140 Aesti-

115 1192 206 1258 vater
219 1193 260 1258 de
275 1195 429 1282 Tempore
445 1191 502 1274 33,
523 1192 683 1258 Homilt‘ee
698 1190 878 1256 Aestiooles
892 1191 933 1255 de
942 1192 1071 1255 Senem
1082 1190 1143 1275 32,

115 1311 281 1376 Homilioe
299 1311 461 1376 Hiemales
480 1310 520 1374 de
538 1312 691 1398 Tempore
713 1307 751 1373 15
756 1356 768 1390 ,
791 1309 953 1374 Homiliae
970 1309 1146 1398 quadrage·

113 1429 247 1494 cimolos
260 1451 318 1510 22,
343 1429 503 1494 Homilioe
521 1427 684 1494 Hiemoles
699 1427 741 1492 de
753 1428 880 1492 &rectis
900 1427 956 1508 16,
979 1428 1146 1492 Sermones

115 1545 323 1634 adpopulnm
332 1554 420 1612 voris·
433 1569 493 1628 as,
509 1561 542 1612 et
550 1546 699 1636 leguntur
711 1545 745 1610 in
753 1543 841 1611 Edit.
855 1544 951 1610 Basil.
962 1544 1057 1609 Tom.
1069 1544 1142 1611 VII.

116 1661 305 1750 psssrsSrri,
328 1663 444 1730 Gelon.
473 1687 507 1751 p.
540 1660 649 1748 1·369.
696 1661 849 1727 Seorsum
871 1684 998 1748 quoque
1015 1659 1144 1749 prodie-

115 1790 194 1846 rant
205 1784 345 1846 Parisiis
361 1797 394 1847 et
404 1783 556 1868 Lovoait,
575 1779 698 1846 duobus
713 1779 939 1846 voluminibus.
986 1778 1146 1845 Undecim

117 1897 1095 1988 autemrnnuflonn'liasinlucemprotalitnnn.usrrnrr(
1116 1900 1144 1988 ).

118 2015 266 2082 Arduum
289 2032 322 2082 et
343 2016 514 2082 molestum
529 2033 611 2084 esset
627 2015 829 2100 discernere,
854 2039 1012 2105 quaenam
1032 2040 1073 2080 ex
1094 2017 1146 2082 his

116 2134 268 2199 omnibus
285 2155 395 2200 sanare
412 2151 577 2202 auctorem
589 2137 744 2218 habeant,
768 2136 829 2200 nisi
844 2157 1052 2201 usnrnnorro
1066 2158 1145 2202 con·

116 2252 238 2342 tigisset
254 2253 304 2318 his
320 2253 355 2318 in
372 2254 512 2319 tenebris
529 2251 649 2341 aliquid
662 2253 742 2318 lucis
759 2251 896 2319 adferre.
944 2251 1033 2318 Duos
1048 2242 1146 2342 igimr

116 2369 256 2436 Codices
272 2370 366 2436 MSS.
391 2385 589 2459 pervetustus
613 2369 832 2435 Bibliothecae
850 2369 1040 2451 Thraseae,
1059 2393 1146 2436 nunc

118 2487 336 2568 Gelbes-tinae,
360 2487 414 2573 qui
437 2509 541 2552 renas
558 2486 719 2552 Homilios
735 2486 921 2567 continent,
941 2487 1098 2574 inspicere
1113 2503 1147 2552 et

119 2604 203 2670 inter
217 2627 252 2670 se
271 2625 460 2692 comparare
476 2603 524 2668 illi
540 2602 640 2669 licuit.
688 2603 726 2668 ln
744 2602 866 2686 altero,
885 2617 958 2668 ante
974 2626 1075 2668 anuos
1092 2628 1146 2670 oc·

118 2722 281 2812 tingentes
293 2735 443 2808 exarato,
463 2721 624 2790 Homiliae
639 2720 777 2786 XXXIX
794 2721 950 2787 continua
965 2722 1046 2786 serie
1062 2724 1147 2789 exhi-

118 2840 256 2922 bentur3
278 2840 313 2904 in
339 2840 460 2922 altero,
486 2840 541 2930 qui
567 2839 714 2906 ducentis
731 2841 822 2907 mnis
835 2856 911 2930 post
925 2842 1061 2930 scriptus
1077 2857 1143 2924 est,

116 2953 355 3048 distinguuntur
388 2957 550 3024 Homiliae
579 2958 614 3024 in
639 2955 720 3022 duos
746 2958 863 3041 libros,
889 2981 1026 3047 qtromm
1054 2961 1147 3048 prior

116 3075 226 3158 XXV,
244 3075 404 3164 posterior
418 3075 526 3140 XXIV
541 3077 702 3159 continet,
720 3077 902 3165 praemissis
919 3077 961 3142 ad
973 3094 1145 3166 utrumque

120 3193 418 3286 Capitumtr‘om‘bm.
470 3194 537 3276 Qui
560 3211 694 3283 uterque
719 3219 818 3284 quum
848 3195 1055 3286 qtmdraginta
1085 3219 1145 3260 no·

117 3321 193 3378 vem
216 3327 342 3376 tantum
362 3313 480 3378 ,hebeat
497 3313 673 3396 Homiliss,
698 3329 732 3378 et
745 3315 781 3377 in
802 3312 895 3379 editis
909 3313 1146 3401 nanqueri·

116 3429 175 3494 bus
191 3451 258 3512 non
274 3430 442 3518 pauciores
460 3455 556 3518 quam
572 3431 655 3496 CXL
670 3432 834 3522 legantur,
854 3432 928 3495 satis
940 3431 1060 3518 liquet,
1078 3431 1147 3520 piu

58 3523 59 3528 ἵ
117 3548 214 3614 rimas
243 3563 297 3614 aut
322 3548 538 3638 supposititias
565 3571 652 3632 esse,
678 3566 733 3614 aut
757 3548 887 3632 dubias,
909 3566 965 3614 aut
989 3565 1079 3614 certe
1107 3571 1146 3614 ex

116 3665 188 3731 aliis
224 3687 328 3730 saner
365 3666 400 3730 in
436 3668 650 3758 Evangelistas
689 3669 935 3733 Commentariis
972 3667 1142 3735 desumms.

115 3781 322 3872 Quapropter
335 3787 404 3870 jam
428 3787 603 3855 rectissime
627 3788 753 3852 notavit
768 3809 877 3853 srxros
893 3791 1054 3872 Sinensts,
1076 3813 1144 3853 non

116 3923 231 3966 omncs
256 3923 323 3966 esse
350 3899 506 3970 Homilias
534 3922 589 3971 sut
616 3906 806 3990 Sermones,
831 3909 1069 3996 quamproprie
1097 3908 1144 3973 ita

315 4089 441 4100 --.-....

160 4184 204 4251 (1)
223 4185 360 4238 Borrrsorr
380 4187 462 4256 Epist.
478 4187 495 4238 9
510 4197 536 4237 et
550 4183 595 4239 85.

161 4266 203 4332 (2)
225 4266 273 4337 Op.
289 4271 333 4319 cit.
351 4270 426 4321 Tem.
439 4270 472 4319 V.
486 4287 545 4339 pag.
560 4271 619 4320 317.
