2909 5392
800 574 843 644 98

312 756 437 844 bellus,
461 760 586 848 dequo
608 779 692 825 nunc
711 761 851 849 agimus,
869 771 1034 847 excerptus
1056 777 1135 820 esec.
1183 750 1334 842 Ejusdem

312 894 485 944 annnam
512 893 618 942 autem
642 877 839 942 mentionem
864 875 942 940 facit
968 897 1051 939 anns
1074 876 1109 938 in
1131 875 1217 939 Hist.
1241 874 1332 937 Eccl.

314 997 385 1063 Lib.
400 995 443 1062 V.
462 1017 533 1085 cap.
555 995 610 1078 16,
633 996 740 1060 virum
753 1017 828 1060 eum
843 1014 962 1059 vocans
978 993 1092 1057 bonum
1112 1006 1146 1056 et
1163 997 1337 1080 sapientem

314 1127 348 1179 et
371 1119 507 1178 seientia
525 1114 758 1202 Scnpturarum
777 1110 971 1176 nobilissime
993 1119 1190 1175 instructum.
1215 1108 1337 1174 Eadem

315 1253 443 1319 quoque
470 1229 515 1293 ibi
545 1229 724 1294 referuntur
753 1227 795 1294 de
823 1250 990 1293 sncunrnr
1020 1228 1279 1318 peregrinatione
1304 1236 1338 1289 et

317 1346 455 1412 adventu
480 1348 514 1410 in
542 1349 765 1429 Britanniam,
799 1345 903 1434 deque
927 1369 986 1430 eo,
1009 1345 1097 1434 quod
1124 1362 1339 1425 manassem

317 1465 375 1530 illo
402 1464 541 1530 docente
570 1481 602 1529 et
627 1463 785 1546 dictante,
810 1466 946 1554 peregit.
993 1463 1105 1551 Neque
1128 1475 1252 1527 tantum
1274 1459 1339 1525 hoe

320 1607 422 1673 opus,
459 1581 546 1670 quod
576 1582 754 1672 legentibus
785 1581 986 1645 utilissimum
1019 1580 1099 1645 dicit
1107 1569 1120 1662 ,¹
1152 1603 1208 1644 sua
1229 1595 1339 1644 aucto·

318 1703 412 1764 ritate
446 1699 596 1789 probavit
631 1721 735 1782 unns,
768 1721 879 1764 verum
914 1699 1012 1763 etiam
1043 1696 1199 1786 quaedam
1228 1690 1340 1764 exeo

319 1817 494 1907 decerpere
529 1832 562 1882 et
594 1816 756 1882 Historiae
783 1839 859 1881 suae
887 1817 1026 1881 inserere
1055 1837 1173 1904 operae
1201 1814 1340 1904 pretium

319 1935 410 2000 duxit
423 1935 484 2025 (1).
530 1935 596 2000 Ubi
618 1931 750 2000 tandem
776 1933 881 2000 addit:
929 1934 1036 1999 «Haec
1060 1932 1251 1998 adsensum
1270 1933 1340 2020 qui·

319 2049 394 2117 dem
407 2052 577 2117 verborum
590 2067 757 2142 excerpta,
777 2051 834 2117 sed
843 2053 1043 2118 brevioribus
1056 2050 1237 2138 strictisque
1252 2068 1341 2114 com·

319 2170 475 2259 prehensa
503 2170 704 2234 sermonibus
734 2171 868 2254 nostris,
903 2169 944 2235 ad
969 2170 1138 2235 utilitatem
1165 2169 1341 2260 legentium

320 2287 468 2351 Historiis
490 2285 602 2351 indere
625 2288 764 2375 placuit;
788 2288 880 2377 plura
906 2289 932 2351 si
957 2311 1052 2376 quem
1075 2288 1157 2352 scire
1183 2285 1339 2369 delectat,

319 2404 370 2468 vel
392 2404 513 2492 inipso
534 2402 593 2468 illo
616 2404 798 2487 volumine,
822 2405 872 2469 vel
895 2411 930 2467 in
952 2427 1008 2487 eo,
1033 2404 1119 2492 qnod
1142 2405 1183 2468 de
1207 2404 1261 2468 illo
1284 2404 1341 2468 slu-

319 2521 395 2586 dnm
417 2528 552 2586 strictim
574 2529 805 2610 excerpsimus,
831 2529 998 2610 epitomate
1020 2520 1204 2610 requiratn(
1225 2521 1250 2610 ).

366 2637 486 2720 Quanti
508 2653 616 2703 autem
636 2639 721 2704 illins
739 2641 893 2728 temporis
912 2640 1058 2703 honines
1072 2662 1243 2704 insumat
1264 2662 1344 2728 opu·

322 2755 445 2821 sculum
467 2756 626 2839 facerent,
650 2756 856 2847 intelligimus
881 2778 994 2839 exeo,
1018 2756 1105 2844 quod
1122 2779 1205 2822 nana
1218 2772 1343 2840 narrat,

323 2897 397 2940 eum
414 2875 534 2939 librum
553 2893 649 2940 suum*
665 2873 832 2940 tradidisse
854 2898 1002 2940 animno
1025 2876 1122 2964 Regi,
1148 2873 1189 2939 ad
1206 2897 1301 2962 quem
1326 2898 1345 2940 a

323 3015 380 3058 sua
405 3009 499 3082 gente
523 2992 644 3084 legatus
670 2995 821 3077 venisset,
850 2991 1007 3081 hujusque
1034 3009 1133 3082 porro
1156 2993 1346 3058 liberalitate

323 3109 392 3174 aliis
415 3132 543 3198 quoque
565 3113 631 3198 ejus
651 3111 826 3208 lectionem
844 3133 1028 3177 concessam
1048 3133 1126 3176 esse.
1175 3111 1267 3174 Circa
1289 3133 1345 3174 an·

324 3247 403 3291 num
426 3227 523 3317 igitur
544 3251 606 3316 701
631 3228 712 3294 illud
733 3231 888 3320 scriptum
910 3229 1140 3313 emendetur,
1164 3250 1244 3317 quo,
1266 3242 1346 3294 teste

326 3365 502 3409 maranno
535 3348 582 3414 W
579 3351 890 3431 estmonasteriensi,
921 3369 1117 3412 snsnnsnus
1149 3347 1269 3436 legatus
1307 3346 1348 3411 ad

371 3708 415 3778 (l)
436 3711 498 3763 Vid.
521 3713 594 3764 Hire.
616 3714 690 3764 Eccl.
714 3712 775 3762 Lib.
791 3711 823 3762 V.
842 3728 898 3781 cap.
911 3713 998 3764 itt-18
1013 3712 1083 3766 lidit.
1100 3714 1177 3766 Basil.
1193 3725 1219 3768 et
1230 3716 1347 3782 Gelon,

433 3811 489 3864 cap.
506 3796 590 3847 15-17
615 3793 685 3847 tan.
706 3806 802 3859 snitu,
829 3797 923 3862 inqua
941 3813 1016 3865 capp.
1031 3798 1048 3848 8
1062 3799 1119 3850 etv
1140 3815 1223 3849 unum
1237 3800 1350 3866 faciunt3

434 3877 533 3929 collatis
550 3897 624 3949 capp.
642 3879 676 3942 2,
696 3879 731 3942 ⁷,
750 3880 766 3929 8
783 3887 810 3929 et
826 3879 844 3929 9
860 3878 921 3930 libri
939 3881 970 3929 dc
986 3881 1064 3932 Locis
1083 3883 1197 3934 Sanctis.

374 3958 417 4029 (2)
438 3960 499 4011 Vid.
520 3960 539 4012 l.
554 3963 575 4014 l.
609 3959 668 4014 Non
690 3963 770 4030 igitur
789 3962 849 4013 satis
862 3959 963 4029 liquet,
982 3978 1061 4030 quare
1076 3979 1141 4016 sent
1159 3967 1188 4014 in
1202 3965 1289 4017 Indice
1305 3983 1351 4017 suo

434 4042 484 4094 hoc
506 4045 660 4115 opusculum
680 4046 811 4097 omiserit:
838 4061 871 4095 an
893 4045 1015 4110 fortasse,
1041 4049 1102 4115 quia
1124 4047 1189 4099 illud
1211 4050 1254 4099 vix
1275 4067 1351 4100 suum

435 4123 532 4177 babere
547 4127 652 4196 posset?
665 4126 746 4201 Quod
761 4139 865 4180 onustus
880 4129 1014 4180 contendit
1027 4129 1047 4180 1.
1062 4130 1081 4180 l.
1093 4148 1153 4199 pag.
1168 4132 1253 4192 1693,
1268 4131 1352 4181 libel-

436 4208 492 4258 lum
514 4210 543 4259 in
564 4210 652 4262 indice
675 4212 801 4262 omissum
828 4227 903 4277 esse,
929 4215 1052 4279 quoniam
1073 4216 1180 4283 scriptus
1205 4225 1271 4265 esset
1289 4223 1351 4283 post
1388 4213 1391 4218 ’

436 4291 551 4343 indicem
567 4295 731 4358 confectum,
751 4297 833 4363 ipsius
847 4299 957 4350 auctoris
970 4299 1057 4353 verbis
1071 4301 1204 4350 refellitur.
