2909 5392
594 534 631 596 17

90 703 168 780 dire
185 734 278 802 posse
296 713 429 801 opinor,
452 713 478 776 si
499 709 806 792 animadvertamus,
826 710 947 776 Literas
966 712 1023 782 has
1037 733 1124 780 anno

95 832 226 896 circiter
253 831 535 920 septingentesimo
566 853 633 894 esse
668 829 889 916 conscriptas,
919 845 952 894 et
982 834 1050 915 jam
1076 852 1125 894 se·

97 949 210 1036 quenti
246 971 331 1013 anno
362 971 505 1013 mucium
539 947 625 1012 diem
650 946 767 1010 obiisse
795 953 1000 1034 supremum
1038 947 1125 1037 Ergo

97 1083 131 1130 et
154 1067 260 1156 Papae
283 1090 387 1150 mors,
414 1083 446 1132 et
468 1067 565 1155 ipsius
588 1065 752 1152 quietioris
775 1065 862 1153 vitae
881 1061 1038 1143 studium,
1060 1071 1127 1150 quo'

97 1185 167 1272 ipse
183 1209 267 1250 usna
287 1185 490 1268 ducebatur,
509 1205 621 1249 causae
641 1183 738 1246 fuisse
754 1180 923 1263 ridentur,
939 1205 998 1246 cur
1012 1181 1083 1246 iter'
1095 1181 1127 1245 ei

97 1301 285 1391 impositum
300 1326 366 1367 non
387 1303 527 1384 faceret,
545 1300 682 1364 sedatio
696 1299 860 1387 literisque
880 1298 1045 1389 indulgere
1055 1323 1127 1389 per·

120 1435 201 1482 eret'
262 1465 271 1484 .

97 1441 120 1584 ξ
143 1417 223 1600 Alia(
238 1419 348 1602 izorta
370 1495 512 1624 quaestio
539 1553 605 1616 est,
624 1551 737 1602 ‚utrum
759 1558 844 1600 aaut
865 1535 1017 1599 Scholam
1043 1536 1126 1600 Can·

100 1653 325 1743 tabngiensem
347 1652 481 1734 adierit,
507 1677 545 1717 ac
572 1674 713 1716 summos
736 1651 781 1714 ibi
805 1652 946 1716 honores
973 1652 1126 1717 consectid
1158 1675 1164 1686 ’

96 1786 148 1835 tus
176 1770 380 1858 doctorisque
402 1791 536 1833 munere
566 1769 635 1858 ipsc
661 1768 788 1834 functus
811 1768 875 1833 sit?
920 1769 1018 1850 Quod
1046 1793 1127 1836 uon-

97 1887 179 1954 uulli
200 1911 239 1952 ex
254 1886 448 1953 Academiae
470 1855 745 1976 darrtabr'igiensis
765 1888 887 1952 civibus
908 1887 1124 1972 affirmarunt,

99 2022 256 2096 negarunt
270 2019 381 2070 contra
404 2006 635 2070 Oxonieneess
657 2005 815 2096 vServatur
833 2022 940 2070 autem
957 2007 993 2070 in
1011 2007 1128 2071 Archi·

97 2126 147 2188 vis
169 2123 305 2188 Scholac
332 2123 605 2212 Cantabrigiensis
628 2123 747 2205 Liber,
772 2123 825 2210 qui
847 2122 980 2206 dicitur,
1004 2126 1124 2212 ΜΨ,

100 2243 134 2306 iu
156 2263 220 2329 quo
241 2241 401 2306 invenitur
422 2241 564 2304 Historia
586 2239 765 2328 quaedam,
790 2262 980 2304 narraturo
1003 2241 1128 2304 auctori

100 2356 261 2447 adscripta
274 2358 334 2447 (a).
382 2357 496 2422 Fertur
513 2358 560 2423 ibi
579 2381 678 2442 aaut,
701 2374 834 2447 «rogatu
843 2378 1003 2424 witimar
1016 2358 1128 2424 docto—

112 2556 365 2566 ——..---—-—
368 2555 419 2562 .....
432 2555 437 2562 ·

205 2679 261 2718 esse
282 2666 382 2735 putarit
401 2665 523 2734 spuriam.
566 2655 599 2714 lit
619 2675 788 2716 {tautories
807 2677 913 2734 quoque
933 2663 1058 2717 nonnihil
1078 2681 1128 2717 su-

204 2752 285 2820 specti
306 2751 332 2801 ei
355 2751 441 2800 inesse
458 2747 630 2811 existimarit,
656 2747 690 2798 oh
704 2745 771 2797 hanc
785 2748 899 2798 maxime
918 2760 1039 2812 eausam,
1055 2739 1126 2816 quod

205 2832 341 2902 Presbyter
360 2831 472 2896 dicitur,
498 2847 581 2898 quum
602 2831 647 2882 rix
667 2839 756 2880 temen
777 2840 836 2880 ante
856 2841 967 2883 mortem
985 2847 1072 2884 steen
1093 2832 1127 2882 ed

207 2916 283 2968 illum
298 2915 406 2985 gradum
419 2915 532 2984 potuerit
546 2911 633 2964 evehi.
659 2911 721 2962 vid.
736 2913 807 2962 Acta
817 2913 914 2963 Bmed.
922 2912 980 2965 Sec.
988 2915 1035 2967 111.
1041 2916 1124 2980 Elog.

206 2999 272 3052 Bed.
294 3002 336 3050 u⁰.
356 2999 381 3050 l.
416 2995 515 3048 Vocem
535 3006 639 3060 autem,
665 3011 732 3063 quae
753 2990 803 3045 riri
816 2994 956 3046 acutissimi
971 2996 1126 3048 dubitationi

170 3141 173 3146 Α
205 3085 344 3154 praecipue
358 3099 446 3132 ensem
469 3080 587 3145 dederit,
610 3081 638 3130 in
660 3080 760 3147 optimo
775 3078 889 3142 Codice,
907 3079 941 3130 ab
954 3094 1053 3132 curato
1068 3081 1127 3132 eol·

206 3168 276 3230 lato,
302 3167 411 3217 omnino
435 3164 526 3216 deesse
549 3182 624 3233 supra
646 3165 800 3216 notavimus.
848 3163 978 3216 daromae
1000 3179 1075 3217 ricus
1097 3167 1127 3216 in

208 3252 307 3302 critica
324 3249 603 3300 Historico-Clrronol.
625 3249 726 3298 Annal.
743 3262 869 3311 ersom,
893 3248 1036 3317 Epistolam
1048 3297 1050 3299 .
1060 3252 1127 3301 seri·

202 3343 274 3404 ptam
296 3349 351 3383 esse
373 3332 481 3400 conjicit
502 3331 643 3399 abaliquo
666 3345 809 3385 successore
831 3348 933 3397 steort,
956 3333 1023 3400 Papa
1039 3344 1127 3386 autem

202 3415 280 3484 paulo
306 3425 364 3483 post
391 3424 509 3479 mortuo,
542 3430 702 3467 ototrstuutt
728 3432 834 3468 neeesse
856 3435 911 3467 non
930 3415 1072 3482 hahuisse,
1097 3430 1127 3472 m

207 3515 271 3550 atus
292 3501 407 3550 Romam
428 3499 581 3549 mitteretur.
616 3497 680 3549 vid.
702 3498 778 3550 Tom.
800 3499 867 3550 vm.
882 3500 1127 3568 psg.1tttnt11.

206 3583 273 3651 Aug.
289 3581 483 3635 vindemiat.
500 3611 534 3622 ·-
550 3581 603 3634 Cur
617 3597 677 3632 tero
690 3595 704 3632 e
719 3595 863 3635 successore
878 3579 1010 3652 quodam?
1032 3583 1126 3652 quidni

203 3667 236 3717 ab
250 3669 307 3734 ipso
321 3669 432 3719 sumo?

138 3744 180 3818 (1)
200 3750 273 3820 Quod
287 3750 409 3802 nonnulli
422 3747 572 3819 perhibent,
587 3765 648 3802 eum
663 3769 677 3800 a
692 3764 818 3802 tricosto
826 3766 932 3819 quoque
941 3751 1126 3820 PapsRomam

205 3851 261 3886 esse
275 3845 411 3898 vocatum,
430 3834 502 3884 nulle
517 3835 662 3885 auctoritate
678 3835 778 3884 nititur.

122 3917 179 3986 ¹(2)
199 3917 311 3970 Nroom
333 3932 472 3970 cerretum
495 3920 647 3970 Historiolo
659 3919 689 3968 de
703 3920 874 3984 Antiquitas
885 3923 912 3969 ct
929 3919 1038 3983 Origine
1055 3918 1127 3968 Uni-

204 4018 272 4054 vers.
280 4059 281 4062 Ἴ
290 4001 460 4065 cantabrig„
476 4002 554 4054 simul
561 4021 622 4052 cum
633 4003 874 4053 chronicissmorrr
883 4001 993 4053 editaeb
1001 4008 1125 4064 ustuire,

182 4119 184 4124 ,
205 4084 290 4136 Oxou.
312 4086 389 4136 1719.
408 4101 469 4152 pag.
483 4084 614 4136 att-2⁷⁷.
650 4085 761 4152 Angliee
778 4084 876 4134 librum
891 4085 968 4135 vertit
982 4099 1124 4136 retusus:

205 4163 260 4220 Yte
271 4171 394 4237 'History
417 4169 471 4220 aad
490 4170 635 4236 Antiquity
658 4170 691 4234 os
707 4169 749 4218 tlte
766 4168 845 4217 Unio.
860 4169 894 4234 of
907 4168 1078 4231 Cambridge,
1098 4170 1126 4218 in

204 4259 254 4304 two
266 4259 355 4320 parts,
372 4254 405 4320 by
420 4267 656 4317 aroutaormxm,
674 4253 709 4304 Β.
719 4253 756 4304 D.
764 4252 820 4302 ond
826 4253 916 4319 sellow
930 4255 964 4318 os
970 4253 1051 4319 Cujus
1061 4251 1123 4302 cot-

928 4375 945 4412 2
