2909 5392
605 542 649 608 99

116 737 294 788 urrunnu
317 721 404 786 venit
427 719 487 809 (1).
535 721 684 786 Ceterum
703 735 804 786 exstat
822 719 903 787 liber
921 716 1006 811 apud
1027 739 1142 788 utura·

116 859 246 907 nourun
268 842 302 906 in
324 842 399 908 Act.
424 839 545 906 Bened.
570 841 644 907 Sec.
669 841 726 908 Ill.
753 841 848 906 Parte
871 840 912 907 11.
938 866 972 930 p.
999 839 1075 908 502.

541 1107 742 1126 dvm-n—

158 1308 303 1376 Diximus
327 1313 423 1400 igitur
450 1309 490 1376 de
516 1333 620 1376 nnusn
647 1313 824 1400 opusculis,
859 1335 940 1400 quae
969 1306 1005 1377 in
1029 1306 1140 1380 Indice

116 1451 182 1494 non
204 1443 433 1496 memorantur.
480 1428 576 1493 Nulla
598 1451 677 1494 vero
703 1429 766 1494 alia
789 1431 819 1494 ei
841 1452 938 1518 opera
954 1445 1025 1494 tuto
1041 1431 1140 1496 tribui

115 1569 208 1636 posse
231 1547 389 1614 existimo.
437 1547 580 1627 Etenim,
605 1544 694 1634 quod
710 1547 920 1635 Evangelium
934 1568 1068 1614 tomis
1083 1547 1140 1612 ad·

114 1663 215 1748 tinet,
240 1667 327 1750 cujus
344 1665 535 1753 Expositio,
560 1664 594 1728 in
611 1662 813 1727 Editionibus
830 1664 944 1745 obvia,
968 1686 990 1728 a
1005 1664 1139 1730 nonnul·

113 1781 156 1846 lis.
169 1783 293 1846 auctori
307 1781 354 1847 illi
370 1778 578 1864 adscribitur,
601 1795 727 1846 constat
740 1795 878 1864 tantum,
902 1802 1030 1863 marr,
1050 1800 1138 1847 mor·

115 1899 161 1964 bo
180 1921 339 1988 supremo
360 1901 579 1982 laborantem,
603 1898 638 1963 in
663 1897 868 1964 vernaculam
890 1896 1032 1988 linguam
1056 1897 1140 1964 illud

115 2013 308 2100 reddidisse,
336 2033 375 2081 ut
401 2040 442 2082 ex
468 2021 653 2082 continuum
675 2014 827 2103 discipuli
850 2015 1011 2109 Epistola,
1041 2027 1138 2102 quam

112 2155 208 2223 supra
241 2133 401 2218 dedimus,
436 2133 523 2198 clare
553 2134 670 2198 elucet.
730 2133 787 2198 De'
816 2134 1030 2221 Expositione
1058 2154 1137 2198 vero

112 2273 266 2335 ioannis,
297 2253 431 2340 quaein
452 2250 653 2317 Editionibus
673 2250 769 2316 Basil.
792 2266 825 2316 et
842 2249 960 2315 Golon.
979 2247 1074 2315 Tom.
1093 2248 1135 2317 V.

111 2368 248 2458 legitur,
279 2368 375 2458 longe
402 2369 494 2433 aliter
517 2390 567 2432 res
590 2391 625 2432 se
649 2369 759 2433 hahet.
806 2367 1040 2432 Marmnomus
1068 2369 1137 2456 qui·

110 2484 189 2550 dem
206 2507 378 2572 incurrunt
397 2486 491 2566 citat,
516 2486 570 2573 qui
586 2485 620 2548 in
640 2465 843 2550 Praefatione
861 2485 1138 2550 Commentariiin

110 2625 246 2668 ronuurs
267 2603 478 2692 Evangelium
499 2625 538 2667 ex
553 2601 710 2666 Homiliis'
722 2625 826 2667 unuin
843 2603 1024 2690 Presbyteri
1037 2602 1138 2668 multa

109 2743 144 2786 se
169 2719 353 2784 adsumsisse
372 2720 507 2785 fatetur:
537 2741 598 2784 neo
615 2734 723 2784 tamen
746 2721 814 2808 ipse
837 2717 932 2801 dicit,
957 2720 1135 2808 Expositio-

111 2861 186 2902 nem
209 2861 228 2901 a
249 2859 333 2902 unns
354 2838 534 2926 profectam
560 2836 1043 2926 esse(2).0uu1uuscontra
1055 2836 1136 2900 nihil

111 2953 200 3020 dubii
226 2942 398 3045 'superesse
429 2971 538 3044 putat,
570 2955 650 3042 quin
679 2953 800 3019 illaad
826 2977 936 3020 unuin
956 2955 1133 3044 pertineat,

107 3073 326 3138 testimonium
354 3072 516 3138 adducens
544 3096 664 3155 tonsu,
693 3073 846 3161 Episcopi
869 3073 1133 3154 Aurelianensis,

111 3211 270 3254 nunovror
294 3211 341 3253 1³11
365 3189 518 3280 aeqtralis,
550 3191 660 3280 quiin
684 3191 758 3257 Lib.
773 3191 801 3256 1.
823 3200 853 3256 c.
877 3189 928 3256 13.
952 3190 992 3254 de
1006 3191 1134 3255 Institu-

109 3314 195 3374 tione
211 3308 356 3392 Laicnli,
380 3331 528 3374 versuum
551 3308 673 3397 aliquot
691 3326 855 3376 auctorem
877 3330 987 3374 nunsn
1007 3307 1084 3374 citat
1098 3307 1133 3374 in'

107 3426 250 3492 Homilia
264 3434 298 3490 in
315 3427 525 3516 Evangelium
541 3435 710 3516 vigesima,
728 3429 783 3493 uhi
798 3427 853 3493 ille
867 3427 1008 3492 securula
1024 3427 1132 3516 legem

108 3541 186 3614 dum
208 3565 274 3608 esse
297 3559 403 3632 putat,
428 3546 579 3631 quoniam
603 3544 702 3610 iidem
720 3567 828 3614 versus
850 3542 1043 3610 insecundo
1059 3545 1131 3607 Ex·

101 3667 271 3747 positionis
293 3661 398 3749 capite
419 3677 540 3726 exstant
558 3662 635 3752 (3).
666 3663 709 3726 At
728 3685 823 3744 vero,
851 3685 948 3749 quum
971 3677 1003 3727 et
1019 3685 1129 3726 sucur-

339 3833 447 3842 ——-.....

150 3934 192 4004 (1)
212 3933 288 3986 «lloc
306 3945 420 3997 constat,
439 3935 503 3986 dicit
516 3950 612 4000 curru,
634 3936 654 3986 l.
669 3935 688 3985 l.
704 3937 733 3985 in
749 3946 826 3999 nota,
844 3953 905 3985 eum
920 3935 951 3984 ad
967 3935 1066 4002 Regem
1079 3949 1130 3986 re-

210 4020 280 4070 nisse
302 4029 361 4070 ants
384 4035 482 4069 annum
503 4019 574 4081 ⁷05,
600 4021 660 4087 quis
683 4035 714 4069 eo
735 4035 804 4085 anno
825 4035 872 4070 rex
891 4029 1007 4070 mortuus
1025 4029 1080 4069 est:
1100 4021 1129 4070 in

210 4117 238 4152 re
260 4103 341 4172 igitur
360 4112 412 4152 tam
433 4101 539 4152 obscura
559 4116 686 4152 ntrrntrt
710 4104 889 4153 auctoritatem
910 4112 980 4153 tutus
1001 4117 1129 4169 sequor.»

151 4186 194 4255 (2)
214 4188 277 4238 Act.
299 4187 363 4238 Ord.
381 4187 478 4238 Bened.
497 4187 556 4239 Sec.
573 4185 620 4238 lIl.
641 4186 712 4237 Parte
731 4187 752 4236 l.
771 4188 812 4235 nl.
830 4187 874 4238 10.

150 4269 193 4336 (3)
216 4272 356 4324 Communi.
373 4272 393 4323 l.
411 4291 433 4323 c.
453 4289 479 4338 p.
497 4271 573 4322 tuae.

946 4370 981 4452 7,
