2909 5392
809 520 852 582 28

312 701 399 768 Deus
423 701 572 782 donavit,
600 697 663 762 illis
683 695 884 762 distribuam.
937 698 1060 763 Divites
1086 712 1192 764 sutem
1214 700 1250 762 in
1269 701 1346 764 hoc

313 819 421 884 seculo
451 840 562 884 surum
593 831 627 882 et
652 830 837 905 argentum,
869 830 903 879 et
928 815 992 880 ulia
1020 839 1162 905 quaeque
1190 817 1348 906 preciosa

313 935 441 1000 student
465 934 559 1000 dare:
590 955 651 1024 ego
676 949 783 998 eutem
807 955 881 998 cum
903 933 1003 998 mtdtu
1021 934 1153 1000 cariute
1172 948 1205 998 et
1220 933 1349 1025 gaudio

311 1053 461 1118 fratribus
484 1052 564 1116 meis
580 1050 684 1136 dabo,
710 1049 798 1138 quod
818 1051 904 1116 Deus
922 1051 1089 1117 dederat.»
1125 1053 1168 1118 Et
1182 1053 1348 1118 allocutus

314 1185 362 1236 est
378 1191 636 1257 unumquemque
653 1167 721 1256 (ι),
742 1191 877 1234 monens
893 1185 926 1235 et
942 1170 1114 1235 obsecrans
1129 1192 1191 1260 pro
1209 1193 1250 1235 eo
1264 1170 1348 1236 Mis·

313 1307 363 1352 sss
379 1287 542 1352 celebrare
553 1285 617 1374 (α),
637 1302 670 1351 et
685 1287 847 1352 orationes
863 1284 1033 1376 diligenter
1046 1287 1171 1352 faeere:
1188 1286 1277 1376 quod
1292 1286 1345 1352 ilii

312 1405 451 1470 libenter
473 1404 716 1493 spoponderunt
739 1404 798 1492 (3).
838 1404 1002 1494 lugebant
1029 1420 1195 1471 tutemet
1220 1403 1345 1470 debant

314 1545 444 1605 ornnes,
469 1521 605 1589 maxime
628 1519 717 1607 quod
737 1519 879 1602 dixerat,
902 1524 977 1608 quin
992 1523 1126 1612 amplius
1140 1523 1259 1604 faeiem
1272 1527 1346 1610 ejus

313 1639 346 1706 in
364 1639 473 1705 seculo
489 1640 553 1703 hoc
578 1660 645 1702 non
666 1653 772 1702 essent
787 1637 884 1703 visuri
900 1636 960 1726 (4).
1002 1637 1195 1706 Gaudebant
1211 1657 1345 1722 autem,

314 1759 387 1846 quia
411 1756 505 1822 dixit:
536 1756 695 1844 «Tempus
718 1772 786 1838 est,
813 1770 850 1820 ut
871 1773 1013 1821 revertar
1035 1757 1078 1822 ad
1098 1783 1191 1842 eum,
1214 1761 1272 1846 qui
1288 1779 1348 1824 me

315 1876 409 1960 iecit,
432 1877 485 1964 qui
514 1899 566 1940 me
588 1875 723 1958 creavit,
748 1874 804 1962 qui
832 1898 885 1939 me
913 1897 954 1938 ex
976 1875 1078 1940 nihilo
1101 1877 1253 1941 formavit
1277 1875 1348 1964 (5)

315 1994 454 2060 Multum
492 2009 620 2082 tempus⁸
649 1993 733 2075 vixi,
765 1993 849 2057 bene
881 1992 960 2056 mihi
992 1993 1065 2082 pius
1101 1991 1204 2058 Iudex
1219 2027 1222 2032 ·
1240 1993 1348 2060 vitam

316 2135 422 2178 meam
441 2109 616 2201 praevidit,
640 2125 767 2202 tempus
792 2109 995 2175 resolutionis
1019 2132 1110 2174 mese
1128 2114 1241 2192 instat,
1268 2109 1348 2198 quia

317 2230 414 2318 cupio
439 2228 568 2294 dissolvi
594 2245 628 2294 et
657 2251 725 2294 esse
750 2251 826 2294 eum
855 2251 994 2293 casuro
1020 2227 1097 2318 (6)».
1139 2227 1193 2292 sie
1219 2243 1254 2292 et
1280 2227 1347 2293 atis

317 2346 417 2414 multa
447 2346 495 2435 (7)
525 2347 650 2411 locutus
686 2347 720 2410 in
747 2346 884 2430 laetitia,
912 2345 998 2412 diem
1030 2369 1130 2435 usque
1159 2341 1201 2410 ad
1228 2368 1345 2435 vespe-

314 2537 662 2554 m·-

354 2660 397 2730 (Ι)
415 2659 483 2712 iisse
496 2657 574 2730 paulo
589 2655 665 2709 aliter
679 2672 737 2709 ru.
762 2657 863 2710 Desunt
875 2656 945 2726 spud
959 2673 1021 2708 eum
1034 2657 1113 2710 verbs
1127 2657 1233 2709 Diuites
1245 2685 1281 2698 -
1294 2658 1344 2710 de·

418 2743 510 2806 derat,
533 2743 583 2792 its:
600 2740 774 2804 distribuant,
790 2741 863 2807 quod
874 2757 934 2791 cum
948 2745 1058 2792 tremore
1066 2743 1123 2809 feei
1130 2757 1141 2801 ,·
1157 2746 1184 2793 et
1193 2742 1343 2809 praesenti·

420 2827 484 2889 bus,
500 2825 554 2875 illis
569 2825 672 2875 tacutm
686 2829 723 2874 est
741 2825 777 2874 ud
788 2840 844 2888 sss,
859 2841 1068 2891 unumquenque
1079 2835 1131 2878 est.
1165 2826 1226 2880 Post
1236 2827 1344 2879 dederet

420 2923 477 2960 ut.
499 2922 603 2974 qunque
624 2903 704 2957 habet
725 2912 752 2958 et
769 2909 817 2960 isos
837 2924 897 2959 cum
918 2912 1028 2959 tremore
1042 2909 1113 2975 feci,
1136 2908 1180 2960 rsl
1196 2908 1342 2963 mundun

422 2990 500 3041 sliam
514 2990 654 3040 lectionem
662 2991 739 3057 fecit.
1041 3042 1044 3048 .

356 3076 399 3145 (2)
423 3076 555 3128 castrare
569 3073 642 3125 dsist
656 3073 724 3144 apud
739 3090 793 3128 stu.
807 3074 885 3128 Dus.
899 3089 957 3128 tn..
970 3083 998 3126 st
1011 3089 1070 3127 sss.

355 3161 398 3230 (8)
421 3161 455 3213 Se
463 3163 589 3229 facturos
603 3160 801 3226 responderunt.
818 3159 880 3212 ltu.

356 3245 399 3317 (t)
419 3247 537 3298 Marinus
550 3260 567 3294 a
579 3243 670 3307 serbo,
685 3245 757 3310 quod
768 3245 888 3296 dixerat:
901 3245 968 3310 quis
982 3245 1147 3307 aestimavit,
1165 3243 1238 3310 quod
1244 3243 1341 3311 sscien

422 3333 482 3399 ejus
495 3346 549 3380 nost
562 3329 644 3379 mutio
659 3330 773 3395 amplius
788 3330 817 3378 iss
829 3328 877 3378 isoc
889 3329 975 3378 ussto
988 3329 1076 3378 visuri
1088 3332 1180 3380 esseut.
1197 3327 1260 3380 Bts.
1282 3325 1341 3378 Non
1423 3380 1424 3395 χ

422 3415 457 3467 its
471 3413 560 3478 mals,
583 3412 766 3480 esndemque,
787 3420 817 3462 ut
830 3419 912 3479 pute,
932 3409 969 3460 ob
981 3427 1103 3474 esussm,
1124 3426 1172 3462 eur
1185 3427 1261 3480 παρη
1276 3408 1342 3477 (rid.

421 3517 481 3570 pig.
496 3497 589 3550 26110.
605 3497 652 3564 10)
668 3496 856 3564 scriptumst:
878 3509 943 3546 srss
963 3494 1039 3544 nobis
1052 3494 1201 3559 videbatur,
1220 3509 1253 3546 ss
1265 3507 1340 3547 rssrs

422 3586 520 3634 tritum
534 3575 619 3633 suum'
627 3581 689 3632 tene
701 3580 787 3631 sciret.

357 3663 400 3732 (ὅ)
419 3663 487 3716 llsee
502 3679 624 3718 sssortns
638 3665 689 3714 its:
716 3663 857 3731 «Tempus
870 3672 927 3726 est,
942 3663 965 3714 si
979 3663 1017 3714 sis
1031 3661 1131 3715 l'sstori
1147 3678 1208 3715 mse
1222 3660 1339 3724 videtur,
1422 3730 1423 3733 Ἰ

423 3755 452 3794 ut
466 3744 496 3794 sd
510 3761 571 3794 eum
584 3745 662 3796 modo
676 3745 809 3796 sbsolutus
825 3761 859 3796 ex
870 3760 949 3796 osms
962 3746 1086 3810 veniam,
1100 3746 1148 3813 qni
1161 3763 1223 3810 ms,
1238 3743 1339 3814 qusnds
1422 3810 1423 3817 ἵ

422 3844 478 3878 non
491 3843 580 3890 enm,
595 3842 629 3878 ss
643 3825 728 3877 nihilo
742 3826 896 3879 iomisit.»

356 3911 399 3981 (6)
418 3910 467 3962 Pro
482 3916 583 3978 tempus
595 3911 762 3962 resolutionis
772 3937 808 3950 -
826 3910 928 3962 Christo
942 3901 977 3962 its
987 3926 1126 3964 ssssrtss:
1140 3909 1280 3980 «Tempus
1292 3910 1341 3961 sb-

423 3994 558 4046 solutionis
576 4011 651 4047 mess
669 4009 751 4064 prope
768 4004 817 4046 sst.
855 3994 959 4046 Etenim
970 3996 1058 4046 snims
1071 4012 1131 4047 mss
1145 3993 1339 4047 desidentis-

336 4129 339 4136 ,
424 4094 486 4144 gem
499 4094 588 4129 meum
603 4093 732 4130 osstsrtr
743 4078 772 4128 in
791 4077 883 4132 dsssrs
898 4096 946 4130 suo
959 4078 1057 4131 videre.
1066 4095 1082 4128 s

359 4157 400 4224 (7)
419 4158 512 4210 inserit
527 4175 649 4212 nssortrs
661 4170 719 4228 post
734 4163 834 4212 muita:
853 4163 979 4212 utilitatis
992 4178 1074 4214 eausa
1086 4163 1122 4214 ad
1135 4168 1253 4215 nostrast
1266 4159 1337 4213 ‹tedi-

419 4242 571 4306 ficationem
588 4245 708 4309 lorum,
727 4245 795 4295 diem
812 4246 934 4295 ultimum
948 4245 1093 4304 iniustitia
1105 4263 1207 4314 sisque,
1220 4255 1270 4300 stt.
