2909 5392
764 531 806 597 st

275 711 369 780 Tum.
403 713 430 778 Ι.
460 733 494 801 p.
526 731 566 797 9,
590 709 676 774 Edit.
710 733 815 776 novae
845 735 879 800 p.
917 711 981 799 398
1016 712 1076 802 (r).
1129 717 1293 796 Asamus,

273 832 461 898 Monasterii
500 821 739 895 Cantauriensis
773 830 899 912 Abbas,
936 831 1019 896 bene
1056 829 1296 921 distinguendus

275 965 323 1014 est
348 950 389 1012 ab
410 971 532 1014 rastro
549 971 672 1012 rrrcco
691 949 757 1014 sive
772 971 934 1031 incurro,
959 951 1014 1036 qui
1030 951 1139 1014 seculo
1156 951 1300 1038 sequenti

272 1067 360 1131 vixit.
395 1068 520 1131 Auctor
537 1089 641 1132 surra
662 1081 695 1132 et
715 1066 842 1153 adjutor
857 1067 962 1138 frrerat
976 1066 1164 1134 scribendae
1179 1068 1301 1156 Angla·

275 1207 344 1248 rum
384 1183 562 1268 Historiae,
600 1201 636 1249 ut
676 1209 772 1274 supra
806 1209 845 1252 ex
878 1186 1083 1252 Praefatione
1115 1182 1298 1253 adtulimus.

273 1302 344 1366 Hac
373 1316 479 1367 autem
511 1303 545 1366 in
578 1303 721 1392 Epistola
754 1305 871 1392 gratias
897 1305 963 1393 agit
992 1326 1078 1370 urna
1104 1327 1166 1392 pro
1196 1304 1300 1368 missis

272 1419 332 1484 sibi
362 1422 429 1504 jam
455 1419 594 1484 secunda
621 1422 692 1485 vice
723 1444 783 1508 per
812 1436 1037 1503 rorurrrruu,
1073 1423 1301 1511 Presbyterum

272 1537 523 1619 Laudicensem,
566 1536 782 1602 monumentis
817 1552 851 1601 et
881 1539 1040 1621 fontibus,
1087 1538 1151 1626 quo
1187 1539 1301 1604 melius

273 1677 353 1743 opus
383 1677 474 1718 suum
505 1655 734 1718 conscriberet.
788 1652 891 1717 Simul
918 1676 1058 1735 anemo,
1090 1655 1172 1743 grati
1202 1656 1301 1719 animi

272 1770 472 1864 significandi
504 1793 614 1853 causa,
639 1772 741 1859 ipsam
768 1771 944 1836 Historiam
966 1772 1066 1836 mittit
1089 1772 1301 1837 transcriben-

272 1890 362 1974 dam,
384 1890 540 1977 aliamque
557 1888 654 1953 etiam
668 1887 878 1976 scriptionem
895 1890 936 1952 de
953 1890 1082 1978 Templo
1096 1885 1294 1973 sanctionis,

272 2007 313 2074 dc
342 2031 404 2094 qua
433 2030 528 2096 supra
555 2011 623 2091 jam
651 2004 799 2071 diximus.
856 2006 933 2072 Non
967 2007 1069 2072 multo
1099 2009 1197 2096 igitur
1224 2022 1299 2095 post

273 2147 392 2189 annum
421 2123 484 2212 731
514 2124 598 2187 hauc
629 2100 807 2211 Epistulam
835 2124 987 2212 scriptam
1015 2147 1082 2190 esse
1112 2139 1205 2212 puto.

319 2241 467 2332 Epistola
489 2263 593 2306 sarran
616 2240 663 2304 ad
681 2263 858 2306 scararum
881 2243 1083 2331 Antistium,
1107 2241 1147 2306 de
1169 2263 1300 2307 carust

274 2359 439 2425 Praesulis
460 2359 581 2446 officio.

320 2479 464 2542 Primum
489 2475 575 2542 edita
597 2491 644 2540 est
666 2499 686 2540 a
708 2499 846 2542 wintro
868 2477 967 2542 Dubl.
997 2476 1100 2560 1664,
1124 2477 1260 2567 repetita
1279 2501 1300 2542 a

276 2617 461 2662 wnrarono
482 2592 586 2659 Lond.
616 2593 710 2680 1693.
758 2592 899 2677 Mendis,
921 2617 1002 2682 qrrae
1020 2611 1223 2684 supererant,
1242 2616 1299 2658 sua

275 2715 309 2780 in
335 2713 485 2778 Editione
510 2711 768 2801 Cantabrrgiensr'
789 2709 831 2776 ad
850 2709 949 2776 fidem
970 2709 1055 2777 Cod.
1073 2711 1150 2776 MS.
1185 2712 1303 2776 Merta-

276 2840 384 2897 nensis
398 2854 468 2898 eam
481 2831 627 2921 purgavit
641 2852 807 2894 surrnms.
831 2829 907 2893 Fuit
921 2846 1028 2895 autem
1045 2850 1210 2896 sessurus
1225 2829 1299 2913 ille,

275 2949 316 3014 ad
339 2973 435 3038 quern
451 2948 594 3039 Epistola
610 2947 688 3014 data¹
700 2963 764 3031 est,
783 2948 1051 3037 Archicpiscopus
1066 2949 1098 3012 E
1100 2948 1299 3032 baracensis,

274 3069 359 3151 non,
385 3083 421 3131 ut
443 3082 534 3156 putat
558 3089 696 3147 sarnus,
721 3065 998 3155 Lindisfamensis
1017 3063 1083 3154 (a),
1107 3068 1226 3156 quippe
1247 3066 1303 3154 qui

274 3184 449 3268 tredecim,
482 3201 514 3250 et
546 3182 634 3272 quod
666 3184 826 3265 excurrit,
860 3183 949 3247 annis
981 3175 1056 3246 ante
1086 3184 1220 3273 scriptas
1245 3185 1302 3248 has

276 3302 396 3384 Literas
429 3325 447 3365 e
477 3303 542 3366 vita
572 3280 744 3367 discessit.¹
782 3301 866 3365 Satis
896 3315 1002 3365 autem
1036 3317 1127 3365 certo
1161 3324 1200 3366 ex
1232 3301 1302 3390 ipsa

276 3419 419 3509 Epistola
440 3434 583 3501 constat,
608 3442 679 3484 eam
701 3418 854 3506 scriptam
875 3439 943 3481 esse
964 3432 1099 3482 exeunte
1119 3440 1205 3482 anno
1221 3417 1299 3506 734,

278 3553 333 3602 aut
353 3535 584 3626 7351neunre,
605 3534 640 3599 id
662 3552 725 3617 est,
750 3537 840 3600 brevi
860 3551 1006 3621 ternpore
1023 3551 1217 3601 antestante
1234 3535 1302 3600 olri-

279 3671 360 3719 tum.
408 3655 567 3719 Nimirum
596 3653 726 3742 triginta
759 3651 887 3716 circiter
921 3651 996 3714 anni
1027 3652 1073 3714 ibi
1102 3653 1205 3716 exacti
1234 3673 1303 3716 csse

279 3769 430 3837 dicuntur
452 3785 686 3859 postmortem
708 3791 849 3834 aarum
873 3761 987 3858 Regis,
1011 3768 1097 3832 hunc
1120 3791 1198 3833 vero
1217 3791 1303 3834 anno

325 4090 365 4159 (1)
384 4090 506 4143 Seorsum
525 4089 604 4140 etiam
624 4104 680 4140 eam
702 4085 785 4138 edidit
802 4099 905 4138 uentu.
920 4101 980 4136 cum
994 4085 1105 4138 adnotat.
1121 4089 1174 4140 8'0.
1188 4087 1299 4139 Parisiis.

289 4183 291 4190 ·
325 4171 367 4240 (2)
386 4172 448 4224 vid.
463 4187 588 4224 nmero!
602 4173 651 4225 l.c.
667 4191 694 4242 p.
710 4173 762 4227 252
777 4173 805 4222 in
819 4179 879 4223 uota
891 4208 899 4237 ,
911 4180 937 4222 et
949 4170 1020 4223 conl.
1034 4185 1140 4223 truso.
1155 4173 1186 4223 de
1201 4171 1297 4239 Scrrpt.

384 4254 455 4303 Brit.
474 4272 501 4318 p.
519 4255 562 4305 97.
