2909 5392
766 555 808 618 82

323 742 432 806 Pauca
445 738 499 802 bio
514 732 662 800 addenda
677 747 750 800 sunt
765 731 935 815 denariis,
956 753 1038 819 quae
1050 747 1191 816 exstant,
1208 735 1303 819 hujus

280 859 388 949 operis
410 877 515 922 sauss
536 851 853 942 interpretationibus
874 873 930 941 seu
945 852 1153 917 versionibus.
1195 851 1305 917 Prima

280 1000 382 1065 eaque
393 973 603 1042 vetustissima
615 971 965 1058 estAnglo-Saaom'ca,
976 969 1147 1058 quaaRegi
1155 991 1307 1034 suanno

283 1117 397 1164 urano
426 1092 594 1173 tribuitur,
620 1105 652 1156 et
680 1089 764 1178 typis
791 1110 937 1178 expressa
963 1103 1012 1154 est
1041 1111 1061 1152 a
1088 1109 1250 1154 wmoco
1273 1102 1311 1154 et

280 1235 418 1282 surram
435 1212 469 1278 in
485 1208 688 1276 Editionibus
702 1230 798 1296 supra
814 1203 962 1273 laudatis.
999 1198 1187 1272 Recentiori
1202 1221 1308 1271 aetate

279 1332 398 1397 librum
418 1352 457 1394 ex
478 1328 592 1392 Latino
614 1328 648 1390 in
667 1325 840 1414 Anglr'cum
857 1347 1039 1390 sermonem
1055 1322 1211 1390 vertendo
1233 1321 1308 1388 red·

280 1448 364 1514 didit
387 1468 586 1528 srsennron,
607 1446 669 1510 hac
695 1443 920 1533 inscriptione:
966 1443 1035 1508 Tha
1053 1443 1178 1529 lutory
1194 1441 1239 1531 ff
1255 1441 1309 1507 tle

285 1566 411 1634 Charete
444 1565 488 1654 of
510 1562 703 1651 Englsmds,
738 1561 895 1648 compiled
922 1560 963 1647 by
992 1561 1169 1627 Veneruble
1200 1561 1313 1644 Beda,

285 1683 518 1772 Englisltmaa,
550 1679 730 1744 translated
750 1690 809 1743 out
833 1678 878 1765 of
894 1679 991 1744 Latin
1018 1686 1086 1744 into
1113 1679 1254 1767 English
1272 1677 1316 1763 by

286 1802 427 1867 Thomas
439 1799 620 1888 Stapleton,
644 1796 779 1862 Sedent
798 1803 832 1859 in
854 1797 1008 1881 Divinity.
1037 1798 1146 1863 Antw.
1164 1798 1210 1885 by
1223 1798 1311 1862 John

283 1920 379 2001 Laet,
403 1915 498 1984 1565.
546 1914 620 1996 Quo
640 1930 748 1980 autem
763 1913 900 1978 consilio
916 1929 1029 1978 auctor
1043 1916 1129 1979 hunc
1143 1915 1309 1998 laborem,

284 2036 433 2102 satissibi
449 2035 632 2116 molestum,
653 2055 815 2122 aggressus
831 2033 889 2114 sit,
913 2031 981 2120 ipse
997 2032 1032 2095 in
1045 2021 1248 2107 Praefatioue
1262 2032 1313 2098 in·

286 2154 391 2238 dicat,
412 2176 446 2218 se
462 2151 496 2216 id
512 2173 605 2241 agere
616 2149 699 2215 velle
714 2150 872 2233 scribens,
891 2165 929 2214 ut
943 2150 1090 2238 aequales
1106 2150 1155 2214 sui
1171 2173 1309 2233 novam,

286 2295 383 2361 quam
407 2269 558 2359 amplecti
576 2284 769 2358 coeperant,
791 2268 955 2358 religionis
973 2268 1112 2333 formam
1128 2269 1310 2357 relinquen·

286 2407 334 2456 tes
355 2387 396 2454 ad
422 2387 604 2477 pristinam,
628 2407 709 2474 quae
732 2407 836 2450 unum
853 2401 1000 2475 tempore
1020 2387 1185 2477 viguisset,
1213 2385 1312 2452 fidem

287 2506 428 2574 redirent
441 2504 502 2595 (1).
550 2505 671 2570 Iterum
698 2504 733 2568 in
756 2525 940 2570 sermonem
953 2505 1124 2593 Anglicum
1145 2505 1316 2570 translatus

330 2700 423 2769 (1)1n
445 2697 623 2760 Praefationc,
649 2696 682 2745 ad
701 2709 878 2746 tartauttnsa
899 2695 1025 2764 Reginam
1046 2679 1157 2765 scripta,
1176 2698 1244 2749 inter
1260 2697 1312 2749 alia

392 2784 472 2853 hujus
493 2781 599 2852 generis
618 2777 758 2848 leguntur:
780 2777 828 2828 «ln
847 2777 896 2828 this
910 2777 1013 2848 Historp
1027 2775 1098 2829 Your
1112 2777 1230 2846 llighnes
1245 2779 1322 2851 shall⁴
1382 2820 1388 2826 .

394 2883 439 2920 sea
460 2868 489 2917 iu
503 2865 563 2917 bow
578 2881 657 2932 many
672 2861 723 2913 aud
738 2860 854 2930 veighty
867 2862 971 2930 pointss
984 2859 1029 2912 tha
1043 2855 1188 2929 ptatc‘ndsd
1199 2861 1313 2913 reform·

394 2967 435 3002 ers
455 2949 484 3000 of
503 2947 547 2999 the
568 2945 674 2999 Ghurch
697 2949 726 2996 in
747 2946 818 2997 Your
839 2944 934 2997 Grates
948 2945 1097 2998 dominicus
1111 2946 1176 2998 have
1190 2945 1314 3014 departed

397 3033 463 3084 from
484 3031 529 3084 the
549 3041 640 3101 patrm
659 3030 687 3080 of
708 3029 764 3080 that
786 3029 884 3080 sounde
904 3030 956 3080 and
976 3029 1106 3081 catholilre
1128 3029 1192 3080 iaith
1210 3029 1316 3098 planted

399 3117 455 3169 first
476 3135 571 3186 among
592 3113 783 3184 Englishemen
804 3113 840 3182 by
859 3113 923 3183 holy
942 3129 963 3165 s.
979 3127 1100 3165 sucasrtt
1121 3130 1169 3163 our
1189 3112 1316 3182 Apostles,

400 3201 451 3252 and
472 3200 514 3252 his
536 3201 651 3270 virtuous
670 3215 815 3268 company,
842 3196 978 3249 described
992 3196 1062 3266 tntly
1075 3195 1126 3246 aud
1140 3196 1268 3265 sincetalp
1281 3196 1317 3266 by

402 3286 431 3335 V
428 3269 543 3334 onerabis
563 3297 645 3345 usus,
666 3299 694 3332 so
708 3281 792 3332 called
807 3282 835 3331 in
849 3281 884 3331 all
899 3280 1085 3333 Christendom
1099 3280 1196 3332 sorbis
1210 3282 1316 3350 passing

400 3375 502 3417 tenues
524 3363 574 3414 and
597 3379 651 3412 rare
669 3361 810 3430 learning,
828 3361 872 3412 tha
889 3361 989 3413 Author
1006 3363 1036 3414 ol
1046 3363 1100 3413 this
1113 3363 1225 3432 llistoq.
1257 3364 1318 3416 And

400 3460 425 3500 to
444 3447 564 3499 thentent
584 3444 654 3496 Your
673 3444 792 3513 lligbues
812 3446 944 3510 intention
959 3447 1021 3497 bant
1035 3458 1062 3498 to
1076 3447 1214 3516 weigbtisr
1226 3450 1319 3500 consi-

399 3532 530 3583 deratione
550 3529 601 3580 aud
623 3528 723 3579 affaires
742 3545 802 3597 may
823 3529 923 3597 spendo
944 3547 979 3581 no
991 3528 1069 3594 longa
1084 3531 1148 3580 time
1162 3532 1191 3581 in
1204 3532 1318 3600 capying

401 3625 460 3666 oute
480 3613 525 3665 the
546 3611 713 3682 particulata,
738 3611 752 3662 1
770 3611 836 3663 hara
858 3611 981 3680 gathamd
1002 3623 1046 3663 out
1067 3613 1097 3664 oi
1108 3612 1152 3664 the
1167 3611 1253 3664 whole
1268 3614 1321 3664 lii-

404 3707 471 3765 storp
491 3716 506 3746 a
525 3697 637 3747 number
651 3696 680 3747 of
693 3696 840 3747 dirersities
856 3695 976 3747 betusue
990 3695 1035 3747 the
1050 3679 1195 3766 pretended
1208 3696 1321 3764 religion

403 3779 433 3832 oi
442 3780 606 3844 Protettants,
624 3780 675 3830 and
690 3779 735 3830 the
748 3780 881 3847 primitiva
897 3777 961 3830 tant
973 3779 1003 3831 oi
1012 3777 1057 3832 the
1069 3779 1180 3848 English
1188 3778 1321 3830 Cburoh.»

401 3875 453 3918 cst.
489 3862 539 3916 cui
560 3864 669 3932 quidem
683 3865 810 3932 promisso
828 3865 864 3915 ita
878 3863 1016 3926 satisfecit,
1036 3872 1064 3913 ut
1077 3863 1215 3932 praecipua
1230 3878 1323 3932 supar-

404 3948 517 4001 stitionis
530 3957 647 4017 portenta
662 3963 690 3998 ac
697 3958 827 4014 monstra,
840 3963 906 4016 quas
919 3946 1033 3998 Ecclesia
1048 3949 1168 4012 Anglica
1179 3949 1325 3998 aRomasm

401 4040 549 4101 receperat,
575 4040 663 4098 postea
683 4047 745 4082 reto
763 4031 960 4101 repudiaverant
972 4047 1067 4082 omnes
1080 4030 1189 4083 meliora
1204 4033 1324 4083 sentien-

402 4126 460 4179 tss,
479 4114 552 4166 breti
567 4114 595 4164 in
608 4108 747 4184 conspectis
761 4127 820 4167 ants
834 4115 982 4184 legantium
995 4114 1084 4166 oculos
1094 4125 1214 4184 ponem.
1239 4113 1322 4164 Bruta

401 4215 463 4250 tero
477 4199 594 4266 iniquius
614 4201 704 4250 serviri
726 4215 782 4250 nou
797 4209 914 4267 poterat,
932 4215 1011 4269 quam
1027 4199 1142 4267 pessima
1155 4211 1274 4266 quaeque
1288 4211 1322 4247 ex

400 4281 478 4344 ipsius
492 4281 614 4349 operibus
630 4281 790 4349 colligendo.
