2909 5392
630 537 672 597 93

140 711 205 800 705
231 711 318 776 diem
335 712 466 794 obiisse,
491 735 529 776 ex
547 713 643 802 ipsius
656 734 760 778 ranan
783 714 925 780 Historia
946 719 1093 783 novimus
1105 717 1165 808 (r).

138 831 338 920 Conscripsit
362 832 419 894 has
442 831 562 895 literas
585 854 687 914 snos,
713 830 801 918 quod
829 857 994 898 sensurus
1021 852 1168 924 optatum

138 950 202 1013 sihi
227 951 297 1014 ¹esse
322 949 570 1039 significaverat,
601 966 637 1014 ut
667 950 738 1034 ille,
771 952 825 1039 qui
852 953 1055 1041 praecedenti
1081 958 1167 1018 anno

137 1068 264 1154 aliquot
286 1066 354 1132 dies
377 1091 451 1132 cunr
475 1069 580 1132 amico
602 1066 758 1159 degisset,
783 1093 869 1133 nunc
890 1092 1017 1158 quoque
1039 1069 1168 1161 legendi

137 1186 241 1274 gratia
272 1183 468 1273 aliquamdiu
500 1208 608 1251 secum
638 1184 871 1253 demoraretur.
918 1187 979 1251 cui
1006 1187 1166 1252 desiderio

139 1304 313 1391 quominus
340 1303 555 1387 satisfaceret,
588 1303 755 1394 impedivit
783 1303 933 1370 valetudo
962 1310 1046 1394 ejus3
1081 1307 1168 1370 misit

139 1437 250 1487 tamen
268 1423 401 1488 Literas.
451 1420 544 1502 Quae
565 1444 663 1510 quum
678 1421 834 1487 nonnulla
853 1421 895 1487 ad
913 1423 1079 1488 historiam
1097 1446 1168 1510 per·

139 1539 277 1626 tinentia
297 1540 471 1604 memoriae
490 1537 634 1622 tradant,
657 1553 690 1604 et
704 1539 780 1604 satis
795 1555 978 1604 accuratam
988 1540 1073 1604 illius
1089 1555 1168 1605 tem-

139 1658 230 1746 poris
245 1656 495 1746 descriptionem
516 1671 550 1722 et
566 1657 657 1746 quasi
671 1658 845 1746 imaginem
856 1658 1047 1746 praebeant,
1069 1680 1167 1724 nemo

143 1775 317 1859 dubitabit,
340 1777 417 1864 quin
438 1777 525 1842 lectu
544 1773 745 1866 dignissimae
767 1776 841 1841 sint.

187 1895 317 1959 Initium
331 1893 494 1960 scribendi
513 1895 608 1958 sumit
624 1909 738 1958 auctor
755 1894 798 1958 ab
814 1895 1036 1959 exhortatione
1050 1915 1168 1960 acru-

144 2035 199 2095 rt,
223 2026 259 2076 ut
278 2028 344 2076 tam
359 2013 442 2078 bene
460 2010 614 2095 vivendo,
640 2035 738 2099 quam
751 2027 839 2076 recte
852 2010 1022 2096 docendo,
1045 2011 1166 2102 gradu,

145 2129 187 2194 ad
199 2153 296 2219 quem
312 2129 545 2213 adscendisset,
563 2129 695 2220 dignum
708 2152 743 2194 se
754 2127 915 2196 redderet.
957 2131 1043 2195 Ante
1058 2133 1168 2196 omnia
1276 2223 1279 2227 ¹

145 2248 243 2338 igitur
272 2249 358 2332 vult,
387 2264 423 2312 ut
451 2249 576 2331 otiosis,
610 2269 686 2335 quas
710 2245 806 2329 dicit,
840 2248 995 2312 abstineat
1018 2249 1175 2315 confabui

143 2366 317 2432 lotionibus
352 2383 384 2431 et
410 2368 536 2456 linguae
569 2364 748 2430 indomitae
780 2365 954 2453 contagiis,
991 2382 1105 2431 contra
1136 2383 1170 2433 et

141 2485 286 2574 linguam
306 2500 338 2548 et
358 2499 499 2548 mentem
521 2483 556 2549 S.
581 2483 763 2572 Scripturae
788 2497 822 2547 et
845 2503 1005 2548 onacomr
1025 2482 1169 2571 Operum

142 2600 284 2666 lectione
305 2599 453 2664 excolere
474 2597 611 2666 studeat.
664 2599 764 2664 Fama
784 2600 871 2665 enim
890 2613 961 2664 erat
979 2597 1022 2664 de
1044 2600 1170 2688 quibus

143 2716 220 2782 dam
234 2718 417 2805 Episcopis,
439 2732 475 2781 ut
494 2736 578 2798 non,
604 2719 658 2802 qui
673 2715 887 2805 religiosiores
905 2731 939 2780 et
956 2716 1169 2782 continentio-

144 2857 195 2902 res
215 2849 335 2917 essent,
359 2856 468 2899 secum
486 2834 660 2916 haberent,
684 2855 797 2898 verum
817 2835 940 2922 potius,
966 2835 1020 2921 qui
1037 2835 1115 2898 risui
1136 2850 1170 2899 et

141 2954 224 3041 jocis
253 2969 286 3018 et
316 2953 538 3018 comessationi
565 2950 703 3035 addicti,
734 2949 878 3039 quotidie
902 2953 1002 3042 magis
1023 2968 1167 3018 ventrem

143 3070 294 3160 dapibus,
313 3093 407 3158 quam
430 3085 571 3134 mentem
593 3069 757 3134 sacrificiis
781 3070 973 3150 coelestibus
984 3085 1165 3159 pascerent.

145 3189 211 3253 Eos
243 3188 340 3278 igitur
368 3189 473 3251 socios
505 3187 565 3251 sibi
594 3187 744 3278 eligeret,
769 3188 823 3275 qni
855 3203 889 3252 et
909 3190 1036 3254 actione
1058 3204 1092 3254 et
1114 3211 1169 3253 ex·

144 3306 328 3370 hortatione
353 3304 475 3394 populo
498 3303 649 3393 prodesse
677 3321 825 3394 possent,
855 3322 889 3372 et
919 3305 1054 3370 idoneos
1084 3305 1167 3368 sacri

144 3422 283 3487 muneris
300 3420 460 3508 adjutores
477 3445 510 3486 se
524 3437 733 3511 praestarent.
759 3423 841 3485 Cum
857 3436 962 3484 autem
977 3421 1068 3503 loca,
1087 3443 1167 3507 quae

145 3538 186 3606 ad
214 3541 311 3629 ipsius
338 3542 502 3628 regionem
526 3538 748 3626 pertinebant,
780 3538 896 3601 latiora
922 3552 1043 3619 essent,
1072 3559 1167 3625 quarn

144 3675 180 3723 ut
199 3658 284 3722 solus
303 3657 411 3720 omnia
431 3671 539 3744 posset
558 3656 707 3738 lustrare,
733 3655 939 3743 Presbyteros
958 3656 1064 3744 plures
1083 3679 1169 3722 crea·

145 3789 212 3858 ret,
238 3774 388 3840 doctores
401 3774 624 3857 constitueret,
646 3774 699 3862 qui
720 3773 876 3864 populum
894 3773 1062 3858 docerent,
1079 3797 1170 3840 sacra

194 4088 236 4156 (1)
255 4086 314 4138 Lib.
334 4087 368 4136 V.
386 4103 443 4156 cap.
461 4085 504 4136 ts.
521 4077 596 4136 Idem
614 4086 642 4135 in
660 4087 793 4153 Epitome.
810 4111 846 4123 —
866 4085 926 4136 run
942 4095 1029 4136 autem
1045 4100 1168 4140 suessos

251 4169 317 4234 ille,
338 4169 372 4220 de
394 4185 446 4236 quo
465 4168 511 4221 hlo
532 4170 633 4237 agitur,
652 4167 708 4220 nex
722 4167 947 4234 Northamhriae,
964 4170 1012 4237 qul
1031 4187 1100 4221 anno
1117 4173 1169 4225 685

255 4268 363 4305 turnino
386 4254 455 4305 fratri
478 4253 606 4305 successit.
643 4251 705 4304 Vid.
724 4253 798 4304 nto.
816 4252 890 4303 Eeel.
909 4252 969 4304 Lib.
987 4252 1032 4305 IV.
1050 4271 1105 4322 cap.
1124 4257 1167 4308 26.
