2909 5392
779 538 821 599 96

289 711 362 779 huic
385 713 519 778 consilio
541 710 758 781 adhiberetur.
803 714 863 779 Cui
882 716 1014 783 decreto
1034 741 1076 784 ne
1095 721 1178 786 forte
1198 725 1328 790 Abbas.

289 849 343 896 aut
366 832 517 896 monachi
539 831 737 916 resisterent,
757 833 888 899 libertas
907 833 1116 920 iis'daretue,
1134 855 1169 902 ut
1192 839 1233 904 de
1248 845 1310 906 suis
1363 922 1367 928 Ι

287 949 348 1036 ipsi
371 950 565 1038 Episcopum
584 951 754 1040 eligerent,
780 953 888 1038 quiet
911 953 1125 1040 adjacentium
1145 957 1312 1042 locorum,

288 1084 446 1154 quotquot
471 1067 512 1131 ad
540 1067 677 1132 eandem
704 1069 875 1134 Dioecesin
902 1073 1119 1159 pertinerent,
1153 1090 1187 1138 et
1215 1075 1312 1163 ipsius

286 1184 471 1250 monasterii
502 1209 611 1250 curam
646 1204 783 1276 gereret.
840 1186 939 1268 Quod
973 1191 1000 1253 si
1034 1213 1113 1278 opus
1146 1207 1242 1275 esset,
1276 1208 1312 1256 ut

285 1318 408 1385 terrae,
433 1325 509 1389 quas
534 1303 752 1391 possiderent,
776 1305 845 1370 aliis
874 1306 1121 1397 adaugerentur,
1146 1310 1312 1374 innumera

286 1418 360 1482 loca
376 1441 443 1484 esse
460 1435 569 1508 putat,
595 1443 693 1507 quae,
716 1423 751 1486 in
773 1425 1040 1490 monasteriorum
1056 1449 1224 1491 numerum
1242 1449 1315 1514 per·

285 1559 396 1624 peram
422 1536 598 1626 adscripta,
629 1539 793 1627 Synodica
817 1543 1006 1606 auctoritate
1039 1544 1074 1608 in
1099 1546 1186 1609 hunc
1218 1568 1311 1610 usum

285 1655 397 1720 melius
419 1672 549 1744 possent
571 1658 728 1721 converti.

330 1773 415 1836 Data
439 1776 508 1858 jam
531 1773 593 1838 sibi
624 1775 814 1857 occasione,
839 1775 941 1839 multa
962 1777 1105 1863 queritur
1128 1776 1170 1841 de
1202 1800 1312 1842 corm-

285 1893 397 1978 ptione
430 1907 463 1955 et
495 1893 595 1956 abusu
625 1894 906 1958 monasteriorum.
961 1893 1073 1980 Neque
1105 1895 1177 1959 Deo
1209 1918 1312 1982 neque

285 2009 469 2073 hominibus
493 2009 593 2073 multa
620 2033 733 2074 eorum
756 2010 847 2074 utilia
873 2033 941 2076 esse
970 2009 1066 2094 dicit,
1089 2013 1208 2100 quippe
1232 2035 1313 2101 quae

288 2127 497 2192 auste1iorem
518 2120 753 2192 monachorum
776 2127 903 2192 vivendi
924 2129 1082 2193 rationem
1103 2131 1235 2193 omnino
1255 2154 1312 2194 ne·

287 2244 459 2334 gligerent,
485 2267 546 2310 nec
576 2245 645 2328 tnui
670 2245 807 2309 seculari
837 2246 1037 2313 inservirent.
1084 2246 1178 2313 Unde
1202 2263 1310 2332 tanta,

287 2375 324 2424 ut
345 2361 408 2442 ait,
434 2362 594 2426 exstiterat
610 2377 714 2425 terrae
730 2362 857 2450 inopia,
883 2379 920 2426 ut
932 2362 990 2426 filii
1007 2364 1166 2429 nobilium
1190 2381 1244 2429 aut
1257 2366 1315 2430 mi·

286 2477 359 2542 lites
381 2477 507 2542 emeriti
533 2477 621 2543 nulla
644 2479 843 2567 possessione
867 2496 998 2568 possent
1018 2479 1152 2566 donam,
1177 2482 1234 2547 sed
1262 2506 1315 2548 ra·

238 2573 244 2590 .
288 2610 396 2660 cantes
415 2611 447 2661 et
465 2597 533 2660 sine
555 2597 705 2685 conjugio
726 2597 863 2685 patriam
879 2597 1113 2684 relinquerent,
1135 2600 1202 2682 vel,
1225 2597 1314 2687 quod

287 2715 377 2800 pejus
399 2727 494 2793 esset,
519 2713 664 2802 ignaviae
689 2711 877 2802 libidinique
902 2712 1117 2804 indulgerent.
1163 2715 1227 2781 Sed
1246 2739 1314 2806 gra·

285 2829 355 2892 vius
369 2829 465 2916 etiam
482 2829 702 2916 aquibusdam
718 2832 781 2895 hac
799 2832 834 2894 in
849 2853 885 2896 re
899 2832 1109 2919 peccabatur,
1130 2834 1200 2920 qui,
1215 2856 1313 2921 quum

287 2946 394 3011 studio
422 2971 489 3012 non
513 2949 612 3038 magis
637 2971 734 3036 quam
758 2972 816 3013 usu
840 2948 880 3013 ad
904 2949 1027 3014 clerum
1053 2949 1106 3015 vel
1135 2948 1177 3014 ad
1200 2974 1313 3016 mona·

287 3065 365 3129 chos
387 3066 603 3153 pertinerent,
630 3066 850 3132 construendis
872 3084 997 3151 tamen,
1022 3084 1058 3132 ut
1076 3091 1154 3158 prae
1174 3093 1209 3134 se
1229 3069 1312 3136 fere·

285 3181 380 3265 bant,
405 3185 604 3248 monasteriis
629 3200 729 3249 terras
754 3184 815 3250 sibi
837 3187 1088 3274 comparabant,
1114 3187 1313 3272 quinetiam

288 3301 431 3390 Regum,
456 3301 650 3368 Pontificum
675 3318 708 3366 et
728 3303 892 3367 Abbatum
915 3301 1030 3366 edictis
1053 3318 1119 3366 tam
1139 3302 1199 3365 sibi
1219 3325 1315 3390 quam
1412 3383 1418 3387 .

285 3418 458 3484 heredibus
476 3442 527 3484 eas
548 3419 781 3484 confirmandas
802 3421 967 3486 curabant.
993 3421 1056 3484 Ista
1069 3421 1104 3483 in
1121 3419 1211 3502 loca,
1232 3443 1315 3507 quae

288 3535 369 3601 falso
394 3537 524 3602 nomine
546 3535 741 3600 Monasteria
765 3534 932 3617 dicebant,
957 3535 1159 3624 excipiebant
1180 3558 1312 3620 omnes,

260 3653 368 3732 ,veris
402 3631 604 3719 monasteriis
637 3654 803 3742 expulsos,
839 3669 872 3718 et
898 3675 1124 3740 quoscunque,
1159 3654 1315 3743 promissa

291 3767 489 3851 obedientia,
513 3770 551 3833 ad
571 3769 806 3859 suscipiendam
826 3787 990 3835 tonsuram
1002 3770 1154 3837 inducere
1170 3789 1312 3861 possent.

292 3885 397 3950 Malae
424 3887 499 3950 hnic
525 3886 753 3976 consuetudini
782 3905 837 3953 aut
863 3889 1036 3954 Pontifices
1063 3907 1117 3954 aut
1150 3891 1316 3980 Synodum

293 4025 348 4066 sua
382 4004 570 4069 auctoritate
600 4005 752 4073 facillime
780 4007 877 4072 finem
902 4009 1069 4096 imponere
1096 4016 1208 4097 posse,
1231 4032 1315 4073 anna

298 4234 447 4302 adsentiri
470 4257 501 4304 et
523 4264 619 4330 opem
639 4243 722 4310 ferre
745 4245 970 4334 reperirentur.
1018 4245 1199 4312 Eennnrmt
1219 4244 1315 4332 igitur
