2909 5392
422 1169 570 1268 mus
600 1100 804 1268 rmum

469 1379 756 1488 rrrl'nnnar.

209 1975 331 2078 Nullus
346 2013 479 2078 fortasse
498 2014 643 2104 Scriptor
660 2019 757 2104 paulo
774 2019 932 2084 celebrior
951 2037 1017 2106 est,
1033 2027 1121 2109 cujus

98 2131 182 2210 vitae
203 2130 356 2218 temporis
378 2131 494 2216 injuria
515 2147 618 2196 tantas
632 2135 789 2202 ¹tenebras
814 2137 1000 2220 obduxerit,
1026 2161 1121 2226 quan·

98 2247 138 2310 tis
163 2245 340 2325 involutam
366 2249 433 2311 esse
458 2249 633 2336 reperimus
655 2245 753 2313 sitam
782 2247 907 2335 annin,
941 2255 1124 2342 Presbyteri

98 2365 371 2452 AngloSaronir,
406 2366 458 2428 cui
489 2389 670 2454 cognomen
704 2368 915 2437 Venerabilis.
962 2369 1122 2434 Nimirum

99 2481 194 2546 valde
212 2484 296 2546 inter
313 2505 347 2546 se
364 2499 559 2572 repugnant,
587 2507 667 2570 quae
689 2483 730 2548 de
747 2488 838 2571 hujus
865 2488 924 2550 viri
946 2464 1121 2571 natalibus,

96 2597 139 2662 (le
158 2599 345 2662 muneribus
360 2601 400 2662 ab
417 2621 456 2662 eo
477 2601 587 2688 gestis,
611 2597 801 2687 deque'ejus
821 2619 926 2668 morte
947 2606 1122 2668 memoriae

97 2714 215 2778 tradita
234 2731 317 2780 sunt.
364 2715 405 2778 Et
428 2717 534 2780 variae
558 2715 688 2803 quidem
710 2719 804 2802 hujus
828 2718 875 2782 rei
895 2736 967 2782 sunt
989 2742 1119 2784 causae:

97 2832 298 2920 Scriptorum
324 2834 468 2921 paucitas
496 2849 528 2897 et
553 2833 765 2922 negligentia,
788 2836 916 2899 turbida
937 2853 1120 2924 temporum

95 2949 199 3031 ratio,
226 2951 323 3038 ipsius
347 2951 406 3012 viri
429 2948 585 3014 modestia
607 2951 702 3040 plane
725 2951 904 3039 singularis,
930 2975 992 3038 qua
1014 2953 1120 3016 lucem

93 3082 126 3130 et
149 3043 369 3131 celebritatem
388 3068 556 3131 hominurn
579 3067 715 3156 fugeret·

140 3183 185 3248 Ut
209 3195 315 3248 autem
337 3205 412 3248 vera
437 3207 456 3248 a
475 3185 581 3266 falsis,
606 3200 694 3249 certa
714 3186 754 3248 ab
774 3185 903 3264 incertis
926 3185 1117 3274 distinguan-

91 3316 164 3384 tur,
191 3302 323 3390 omnino
348 3299 388 3364 ad
411 3325 464 3384 ea,
491 3325 570 3388 quae
591 3301 737 3386 arunde
758 3325 791 3366 se
811 3303 879 3390 ipse
899 3302 1042 3390 scripsit,
1065 3301 1118 3364 ad-

90 3417 290 3482 tendendum
316 3435 374 3484 est.
421 3419 512 3484 Haec
544 3443 623 3484 vero
656 3442 755 3511 quum
775 3420 967 3508 'paumssima
994 3434 1119 3483 tantum

88 3536 175 3619 sint,
201 3535 279 3600 alios
300 3559 427 3624 quoque
448 3537 647 3628 Scriptores,
668 3553 701 3624 et
714 3562 770 3603 eos
792 3529 920 3624 quidem
941 3537 1115 3626 imprimis,

89 3653 148 3739 qui
168 3675 277 3718 annau
303 3654 449 3742 proxime
472 3655 573 3720 secuti
595 3670 682 3737 sunt,
705 3653 793 3719 adire
814 3670 847 3718 et
873 3655 1038 3720 consulere
1060 3675 1118 3716 no·

86 3769 141 3832 bis
165 3791 245 3857 opus
264 3770 341 3852 erit,
367 3787 403 3834 ut
426 3771 501 3836 inde
524 3771 743 3859 suppleamus,
770 3794 851 3856 quae
872 3772 926 3834 hic
949 3769 1113 3835 deliciunt.

84 3883 168 3968 ¹Qua
186 3901 298 3968 ,tamen
321 3887 356 3950 in
380 3911 415 3952 re
443 3902 534 3952 caute
557 3887 764 3952 versabimur.
810 3887 877 3950 Alii
901 3887 987 3950 enim
1014 3886 1112 3966 alios,

85 4001 131 4067 ad
156 4004 257 4068 verba
284 4003 457 4084 interdum,
489 4004 741 4092 descripserunt,
769 4018 802 4066 et
827 4003 1003 4092 generatim
1026 4017 1115 4064 tanta

84 4122 151 4186 fuit
177 4145 288 4186 eorum
309 4123 449 4204 incuria,
477 4121 589 4184 utrix
613 4121 713 4183 ullum
739 4120 898 4200 invenias,
924 4142 1019 4205 quem
1044 4133 1114 4181 tuto

82 4237 206 4305 ducem
237 4241 387 4328 sequaris.
443 4239 544 4306 Nobis
572 4238 668 4326 igitur
698 4238 744 4302 ita
773 4236 931 4324 agendum
966 4237 1044 4318 erit,
1079 4251 1115 4299 ut

920 4377 933 4418 1
