2909 5392
599 543 640 605 97

106 733 236 784 menne
263 717 434 800 admonet,
473 734 526 801 ut,
560 742 619 805 qua
651 733 719 784 erat
754 717 840 807 apud
871 743 980 809 regem
1007 721 1128 810 gratia,

104 836 181 900 huic
206 835 292 900 malo
318 835 533 924 prospiceret,
559 858 662 922 neque
684 834 770 923 apud
791 859 825 901 se
849 836 985 900 inveniri
1006 853 1132 925 patere·

104 970 173 1036 tur,
197 951 239 1018 de
264 954 376 1040 quibus
401 953 515 1018 merito
535 952 599 1018 dici
621 969 744 1041 posset:
776 952 874 1017 «Vidi
897 955 1013 1042 impios
1028 954 1134 1043 sepul·

106 1085 175 1152 tos,
192 1072 247 1158 qui
261 1094 334 1136 cum
348 1069 549 1154 adviverent,
568 1073 602 1134 in
615 1069 691 1136 loco
707 1087 818 1136 sancto
835 1086 938 1136 erant.
948 1102 961 1126 ν
994 1071 1133 1136 Multum

2 1227 3 1266 3
104 1187 246 1276 denique
268 1188 374 1253 amico
399 1187 454 1252 dat
473 1187 615 1271 consilii,
642 1211 706 1276 quo
728 1211 861 1254 munere
879 1189 940 1252 sibi
962 1189 1133 1254 commisso
1239 1261 1244 1266 ,

106 1305 191 1370 bene
215 1320 248 1368 et
270 1303 407 1370 fideliter
428 1305 589 1394 fungatur.

151 1420 293 1486 Libellus
329 1421 369 1486 de
402 1428 466 1485 situ
501 1421 587 1486 urbis
622 1423 845 1506 Hierusalem,
882 1431 947 1490 sive
982 1424 1024 1488 de
1056 1424 1134 1488 locis

106 1546 242 1604 sanetis.
696 1617 698 1622 ,

155 1656 324 1746 Superest,
362 1672 397 1720 ut
424 1656 464 1721 de
494 1658 558 1721 hoc
591 1657 721 1740 libello,
756 1657 853 1747 longe
882 1671 957 1722 oete
991 1656 1135 1724 lndicem

106 1775 248 1862 scripto,
266 1773 421 1862 quaedam
436 1791 593 1840 notemus.
635 1776 716 1840 Cum
730 1776 844 1840 ceteris
857 1799 961 1840 ernis
978 1776 1135 1864 Operibus

108 1893 145 1956 in
162 1890 262 1956 Editt.
275 1893 369 1956 Basil.
382 1909 415 1956 et
428 1891 545 1958 Colon.
564 1893 659 1960 Toru.
671 1893 728 1958 ΠΙ.
748 1893 886 1976 editum,
904 1916 1039 1980 cumque
1056 1891 1136 1957 duo·

111 2009 173 2072 hus
192 2007 295 2073 Codd.
314 2008 407 2074 MSS.
430 2011 566 2097 antiquis
588 2010 760 2100 collatum,
782 2033 859 2075 suae
876 2010 973 2074 etiam
992 2009 1137 2074 Editioui

11 2194 18 2204 ,
110 2149 184 2190 eum
204 2126 335 2190 inseruit
351 2150 465 2192 surra.
511 2127 624 2214 Neque
639 2149 805 2215 possumus
820 2150 887 2190 non
907 2126 1059 2192 adsentiri
1077 2127 1134 2210 iis,

114 2243 166 2330 qui
188 2240 280 2328 hujus
297 2243 496 2332 scriptionis,
516 2243 658 2330 quamvis
677 2244 766 2308 varia
784 2243 930 2308 continet
944 2246 1048 2308 minus
1064 2266 1139 2331 pro·

111 2359 219 2424 banda
239 2359 303 2448 (1),
328 2347 438 2424 senen
459 2383 570 2425 verum
593 2375 758 2452 auctorem
779 2382 846 2424 esse
869 2361 1052 2448 opinantur.
1099 2361 1138 2424 In

111 2476 177 2542 fine
208 2492 294 2541 certe
325 2500 514 2541 saeuientis
542 2475 691 2564 quidam,
733 2478 910 2544 Galliarum
939 2459 1136 2565 Episcopus,

113 2617 211 2682 quum
237 2593 310 2658 loca
332 2609 441 2659 sancta
468 2593 615 2658 visitandi
644 2597 747 2684 gratia
780 2595 918 2683 patriam
947 2594 1139 2681 reliquerat,

112 2712 340 2796 Hierosolymis
366 2711 489 2798 aliquot
512 2734 635 2776 menses
660 2710 861 2793 demoratus,
883 2711 1135 2791 Alexandream,

111 2830 330 2911 Damascum,
368 2829 659 2917 Constantinopolin
693 2844 725 2894 et
747 2829 896 2906 ,Siciliam
924 2828 1137 2918 percurrisse,

113 2948 279 3034 ventisque
304 2948 472 3012 contrariis
492 2948 527 3012 in
542 2949 733 3012 Britanniae
753 2948 848 3012 litora
865 2947 966 3012 redux
989 2946 1140 3012 advectus

115 3089 182 3132 esse
201 3065 329 3131 dicitur.
378 3066 447 3128 lam
462 3066 516 3128 hie
537 3089 589 3148 ea,
614 3089 694 3152 quae
713 3064 838 3130 viderat
853 3082 886 3129 et
902 3065 1139 3153 exploraverat,

113 3184 399 3250 communicavisse
415 3199 559 3246 narratur
578 3206 651 3246 curn
668 3206 848 3248 iniurius
862 3183 1070 3269 Presbytem,
1086 3180 1140 3265 qui

113 3327 154 3370 ex
181 3305 248 3388 ejus
270 3300 396 3366 dictatis
419 3317 481 3364 tres
510 3299 609 3363 libros
636 3283 864 3388 eonrponeret3
890 3316 984 3385 atque
1006 3298 1080 3360 hinc
1103 3295 1140 3358 li·

159 3589 200 3658 (1)
220 3589 257 3640 Ita
278 3589 312 3640 de
334 3604 364 3638 ea
383 3586 482 3656 judicat
504 3585 799 3636 doctissumorum
812 3587 908 3650 Biogr.
924 3586 997 3637 Brit.
1014 3585 1104 3637 «This
1117 3588 1141 3636 is

218 3672 383 3741 confessedly
404 3671 481 3722 taken
502 3681 546 3722 out
564 3669 593 3721 oi
607 3687 620 3720 a
635 3669 703 3720 book
721 3672 826 3721 written
846 3688 882 3721 on
896 3669 940 3720 the
956 3687 1026 3721 seme
1040 3670 1143 3738 subject

222 3756 258 3825 by
278 3755 444 3806 Adamnanus
455 3791 468 3826 ,
482 3753 533 3806 and
555 3754 578 3804 is
595 3753 644 3804 lull
661 3752 690 3804 of
704 3754 872 3822 superstition
887 3753 938 3804 and
953 3753 1052 3815 libies,
1072 3770 1099 3802 so
1115 3769 1142 3803 as

218 3851 244 3891 to
259 3840 324 3892 have
339 3838 476 3890 furnished
492 3837 554 3888 such
569 3854 596 3889 as
610 3837 675 3888 heve
690 3836 816 3888 censured
830 3854 877 3888 our
890 3835 983 3888 author
995 3835 1061 3887 with
1074 3845 1142 3884 most

219 3923 248 3974 ol
261 3923 330 3973 their
346 3923 510 3990 quotations,
529 3932 555 3972 to
573 3919 696 3972 discredit
708 3919 752 3969 his
764 3919 897 3986 writings3
915 3917 974 3968 how
990 3916 1140 3984 equitablp,

222 4005 267 4056 the
288 4004 384 4056 candid
404 4004 456 4054 and
467 4003 601 4072 judicious
615 4003 706 4053 reader
721 4020 781 4069 may
791 4000 907 4070 judge.»
925 4001 958 4050 Et
971 4018 1049 4064 vero,
1066 4017 1143 4051 com·

221 4100 325 4153 mente,
353 4090 449 4156 quibus
471 4088 500 4138 in
521 4086 570 4137 hoc
592 4085 685 4137 libello
703 4084 878 4148 offendimur,
896 4101 950 4136 non
965 4085 1047 4152 ipsius
1062 4099 1141 4136 eruin

220 4183 295 4224 sunt:
323 4181 406 4222 narrat
427 4169 625 4234 tantummodo,
651 4185 717 4236 quae
737 4170 850 4219 virorum
865 4185 974 4238 magnae
989 4169 1143 4220 auctoritatis

221 4257 378 4310 testimoniis
396 4255 473 4310 relata
492 4267 517 4308 et
535 4254 700 4324 comprobata
718 4253 824 4320 legerat.

994 4374 1012 4436 7
