2909 5392
134 743 171 806 ln
204 761 267 826 quo
300 737 467 826 proposito
495 755 562 798 non
591 731 775 813 dubitabat,
806 733 883 819 quin
908 738 1160 800 cnouwuninun

137 861 278 949 Regem,
303 859 392 942 eujus
421 853 619 944 propinquus
643 866 741 933 esset,
770 851 1043 939 promptissimum
1067 853 1161 918 simul
1265 863 1268 869 '

136 994 169 1044 et
184 977 434 1042 strenuissimum
444 973 608 1038 habiturus
621 987 702 1036 esset
713 968 893 1057 adjutorem
908 970 969 1059 (1).
1001 970 1164 1052 Quoniam

139 1111 245 1161 autem
267 1117 326 1183 per
351 1093 475 1182 Regum
498 1088 759 1180 praecedentium
782 1089 938 1154 incuriam
961 1104 995 1153 et
1017 1087 1164 1154 donatio-

140 1237 198 1280 nes
224 1211 423 1278 stultissirnes
442 1210 575 1274 'fectum
600 1223 698 1291 esset,
732 1222 769 1276 ut
795 1230 863 1271 uon
884 1205 978 1272 facile
1002 1205 1093 1272 locus
1112 1229 1167 1272 ve·

140 1347 245 1414 caret,
270 1330 325 1395 ubi
346 1327 445 1394 Sedes
464 1326 663 1418 Episcopalis
683 1348 768 1390 nova
788 1324 858 1390 fieri
875 1339 1000 1413 posset,
1023 1346 1167 1390 eommo-

144 1450 223 1515 dum
250 1447 357 1530 duxit,
382 1462 438 1530 ut,
474 1445 587 1510 habito
620 1443 736 1529 majori
769 1441 909 1508 coneilio
943 1456 977 1506 et
1011 1463 1168 1508 consensu

144 1565 327 1632 Pontificeli
346 1565 441 1630 simul
462 1578 494 1630 et
513 1561 640 1652 Regali,
662 1561 753 1626 loous
770 1559 882 1648 aliquis
899 1560 1167 1625 monasteriomm

247 1795 384 1848 Malmesb.
402 1791 461 1844 Lib.
475 1789 497 1842 1.
512 1789 541 1839 de
558 1789 629 1840 Geel.
643 1789 712 1852 Reg.
727 1786 812 1851 Angl.
830 1803 858 1854 p.
871 1783 924 1850 24,
943 1798 1089 1848 mouson,
1107 1786 1167 1853 pri-

248 1896 321 1930 mum
343 1875 467 1928 eeclesiae
489 1871 665 1924 Eboracemie
685 1869 855 1933 Antistitem,
880 1868 984 1938 insigne
1006 1866 1073 1917 illud
1093 1868 1169 1936 pollii

249 1960 282 2012 eb
297 1973 408 2013 eoseum
430 1957 498 2025 Pepe
518 1955 663 2023 eooepisse,
690 1953 736 2004 sed
749 1952 819 2005 Sede
839 1952 944 2022 pulsum
959 1962 985 2002 et
998 1951 1171 2003 Rovecemoe

248 2044 322 2096 diem
343 2043 502 2104 obeuntem,
528 2037 630 2090 ibidem
650 2036 796 2104 reliquisse.
837 2035 904 2086 ilino
925 2035 1021 2086 leolum
1043 2052 1118 2100 esse,
1141 2045 1172 2086 ut

248 2127 337 2197 plures
359 2135 417 2194 post
438 2141 499 2176 eum
521 2121 576 2173 solo
598 2122 792 2188 Episcopomm
812 2120 920 2170 nomine
941 2128 1028 2169 essent
1045 2121 1170 2172 eontenti.

250 2228 266 2260 ι
276 2211 311 2262 At
324 2225 403 2272 vero,
423 2208 527 2274 inquil,
547 2220 671 2256 sessurus
686 2204 850 2255 animosioris
866 2203 967 2272 ingenii
981 2201 1078 2266 homo,
1093 2204 1171 2272 eogi-

247 2303 323 2358 tens,
348 2302 379 2342 ut
400 2289 540 2360 superbum
566 2297 622 2352 est,
649 2289 671 2338 si
696 2287 802 2357 adpetes
824 2288 962 2351 indebite,
988 2287 1024 2338 itu
1046 2288 1172 2354 igneum

249 2393 324 2439 esse,
343 2375 365 2426 si
380 2372 469 2424 debite
483 2371 618 2441 negliges,
634 2371 715 2421 multe
729 2371 806 2422 Sedis
821 2371 983 2440 Apostolioee
997 2369 1171 2438 adpelletioue

252 2458 363 2529 pellium
384 2455 545 2524 repererit.»
559 2452 679 2521 —Quid
699 2455 798 2522 igitur?
833 2454 952 2504 Bsolsne
973 2452 1112 2504 eonsilium
1127 2472 1174 2506 se.

253 2553 327 2593 euius
347 2551 387 2593 est
407 2552 548 2603 neuturus,
571 2555 605 2588 en
626 2539 682 2607 ipse
703 2537 783 2606 hujus
797 2536 899 2588 oonsilii
915 2547 1002 2588 euotor
1015 2537 1082 2602 fuit,
1104 2537 1171 2588 illud

250 2624 377 2694 quidem,
400 2621 471 2690 quod
493 2609 607 2672 meiime
630 2622 660 2672 iu
681 2622 834 2683 volitent,
853 2620 1174 2690 nmioieuetoritetepro-

254 2707 328 2770 bari,
350 2705 499 2775 populoque
518 2702 694 2755 commendari
710 2703 821 2754 volens?
846 2702 899 2753 lloo
914 2719 992 2771 quem
1007 2702 1073 2754 illud
1087 2706 1174 2774 potius

252 2789 418 2842 erediderim.
435 2785 561 2850 Ututest,
580 2785 1172 2853 exContinuatioueenoleEpitomeeoonslut,

234 2886 406 2938 ,scelerum
432 2870 478 2938 qui
500 2886 569 2921 enno
589 2870 642 2920 732
658 2869 690 2919 ed
711 2870 895 2940 Episoopetum
909 2872 1101 2942 Eboraeeneem
1120 2881 1175 2923 eret

253 2965 376 3018 evectus,
402 2969 456 3003 non
481 2952 560 3021 longo
581 2963 654 3021 post,
681 2970 750 3005 enno
768 2971 865 3024 nempe
886 2956 956 3019 ⁷35,
981 2957 1097 3026 primum
1117 2965 1175 3025 poet

251 3053 381 3091 munseo!
402 3038 431 3086 in
453 3035 711 3104 Arehiepisoopetum
731 3035 915 3088 confirmatum
934 3053 1010 3101 esse,
1028 3037 1174 3088 constitutis

254 3135 412 3174 reuioneeuo
432 3131 458 3172 et
473 3133 638 3171 rnuinwuoo
654 3119 801 3188 Episcopis.
836 3120 897 3171 vid.
912 3129 938 3171 et
955 3120 1050 3170 chron.
1068 3118 1134 3169 Sat.
1148 3127 1177 3170 el

254 3219 307 3256 su.
322 3204 467 3267 Bonam„
491 3203 522 3252 de
534 3203 658 3269 Archiep.
673 3202 760 3252 Ebot.
773 3201 864 3268 Epist.
879 3201 930 3254 eol.
945 3202 989 3253 ⁷8.
1022 3199 1073 3252 Tu.
1086 3213 1175 3252 emese

254 3291 316 3340 Act.
335 3290 415 3340 Pont.
434 3286 683 3338 Ebor.eol.1697·

195 3372 237 3438 (1)
258 3371 446 3423 Geoiwuienus
462 3368 508 3418 ille
523 3384 631 3436 regnare
652 3369 738 3436 coepit
752 3384 821 3418 enno
834 3365 903 3430 ⁷29,
922 3367 1020 3434 «eujus
1033 3367 1124 3435 regni,
1145 3377 1175 3416 ut

254 3462 295 3506 est
308 3451 376 3520 epud
393 3465 476 3502 esoiu
493 3451 567 3504 Eiet.
584 3451 644 3504 Lib.
659 3451 691 3504 V.
706 3469 730 3502 o.
745 3451 796 3514 24,
819 3460 846 3502 st
859 3450 987 3518 principie
1002 3460 1029 3502 et
1041 3467 1177 3519 prooem·

254 3544 291 3586 lot
305 3551 334 3584 eo
348 3532 426 3584 tentis
441 3530 651 3583 redundaverunt
668 3550 755 3584 rerum
773 3532 963 3583 adversantium
976 3531 1109 3598 motibus,
1127 3542 1176 3598 ut,

255 3615 320 3685 quid
335 3613 368 3664 de
382 3613 425 3663 his
440 3613 516 3663 scribi
532 3613 640 3677 debeat,
659 3631 771 3682 quemve
783 3614 902 3666 habiture
918 3616 970 3666 sint
985 3613 1068 3666 finem
1081 3617 1178 3684 siugu-

256 3699 299 3763 le,
325 3696 438 3748 neodum
461 3696 520 3747 seiri
542 3696 658 3748 valent.»
676 3725 711 3738 -
726 3696 789 3750 Oelo
810 3699 890 3768 igitur
910 3700 987 3750 mnis
1000 3710 1058 3768 post
1075 3701 1175 3770 reglum

258 3783 414 3850 dignitatem
442 3780 588 3846 abdicavit,
613 3782 746 3851 vitemque
771 3783 940 3834 monasticem
960 3781 1097 3853 amplexus
1118 3795 1174 3847 est,

258 3883 368 3936 regnum
401 3880 529 3917 :iussero
556 3864 719 3934 relinquens.
763 3864 825 3916 vid.
855 3865 1004 3917 continuat.
1028 3867 1175 3932 Epitomes.

259 3948 438 4002 successorem
453 3957 539 3999 eutem
553 3949 612 4016 ejus
627 3962 728 3998 euius.
744 3948 898 4012 Malmesb„
922 3949 993 3999 Geel.
1007 3949 1075 4014 Reg.
1090 3951 1176 4016 Aegl.

258 4033 318 4086 Lib.
340 4033 362 4084 1.
383 4052 411 4102 p.
433 4033 485 4097 24,
512 4043 584 4084 vooet
609 4047 761 4094 eeuieiou,
785 4033 869 4099 putrui
892 4032 975 4100 ipsius
997 4029 1103 4098 filium,
1127 4037 1176 4102 qul

258 4117 376 4188 ejusdem
401 4117 516 4167 nominis
537 4115 629 4165 hebuit
647 4114 770 4177 fratrem,
798 4113 1029 4184 Arohiepisoopum
1050 4117 1175 4169 Eboraci.

257 4202 333 4254 Unde
348 4213 468 4271 apparet,
485 4213 675 4254 euoiwun‘uuu
691 4198 789 4266 Regem
803 4209 830 4250 et
844 4212 978 4251 suession
992 4198 1081 4252 irenes
1094 4199 1173 4253 fuisse

258 4285 392 4353 polrueles.
