2909 5392
261 465 288 512 11

261 676 301 739 ba
323 675 450 756 desunt,
473 671 585 763 quibus
606 681 781 756 enuntiem,
803 695 897 760 quam
921 695 1046 737 suarem
1066 694 1192 737 sensum
1212 680 1280 737 ani·

259 845 310 888 mo
329 827 543 911 perceperim,
572 843 667 909 quum
695 819 740 883 ad
765 819 945 884 veneranda
965 819 1021 883 illa
1041 819 1154 884 limina
1177 821 1280 885 denuo

256 967 408 1035 accedere
425 967 504 1032 milti
519 966 643 1051 liceret,
669 966 723 1030 ubi
732 990 795 1056 per
809 966 1082 1056 sexenniumsere
1096 975 1229 1056 optimos
1246 976 1280 1032 iu

256 1129 368 1182 nostra
383 1114 552 1203 disciplina
567 1121 738 1203 magistros
752 1113 865 1179 audire
887 1128 919 1180 et
933 1124 1098 1183 convenire
1114 1116 1194 1180 milti
1210 1139 1282 1181 con·

259 1271 393 1353 legisset.
440 1264 522 1347 Stet,
540 1227 674 1352 precor,
700 1263 780 1327 laec
799 1263 885 1327 alma
902 1262 1081 1344 doctrinae,
1105 1263 1283 1353 elegantiae

258 1425 291 1477 et
305 1411 513 1476 humanitatis
528 1409 619 1474 sedes
633 1409 689 1474 diu
706 1411 889 1494 incolumis,
907 1419 1011 1500 sitque
1017 1425 1186 1501 perpetue,
1200 1410 1285 1501 quad

259 1580 383 1648 semper
386 1556 473 1648 fuit,
496 1557 629 1622 Patriae
644 1557 717 1637 lua,
737 1557 863 1645 gloria,
886 1557 1001 1622 meus!

307 1705 412 1794 (iuum
432 1704 472 1768 de
493 1726 577 1768 enne
598 1703 782 1770 Venerabili
802 1703 940 1770 scribere
956 1713 1199 1790 constitaoeram,
1223 1705 1283 1771 leoc

259 1861 306 1918 ita
324 1853 482 1942 perficere
508 1859 542 1916 in
564 1858 672 1915 animo
697 1849 868 1932 habebam,
898 1864 949 1934 ut,
973 1865 1053 1940 post
1074 1860 1169 1918 vitam
1189 1851 1284 1940 hujus

260 2007 320 2064 viri
346 1998 479 2064 breuiter
502 2011 702 2080 enarratam,
726 2005 900 2086 praecipue
924 1997 965 2062 de
986 2002 1056 2086 ejus
1080 1997 1227 2063 doctrina
1254 2011 1288 2063 et

261 2151 382 2210 meritis
398 2157 431 2208 et
445 2145 637 2234 efficacitate
653 2153 790 2209 insuam
800 2159 936 2210 aetatem
951 2170 1090 2236 agerem.
1105 2147 1181 2215 Non
1194 2147 1287 2236 longe

263 2306 368 2358 mmen
387 2313 626 2380 processeram,
661 2316 756 2382 quum
780 2300 861 2357 satis
882 2293 1086 2382 manifestum
1103 2294 1182 2358 milei
1198 2307 1285 2377 erat,

153 2489 157 2498 ,
262 2446 418 2514 rodonem
430 2461 568 2527 prorsus
588 2438 687 2504 αΙὶιιιη
707 2439 881 2504 ineundam
894 2463 975 2506 esee.
1003 2441 1168 2510 Nimirum,
1180 2448 1288 2506 cariae

263 2586 469 2678 dyficultatcs
488 2585 568 2650 milei
587 2583 698 2651 cavae
719 2599 829 2668 eraut,
853 2607 934 2675 quae
953 2586 1145 2652 amovendae
1162 2609 1232 2652 esse
1247 2595 1290 2653 oi·

262 2737 391 2820 mlum,
400 2743 591 2825 priusquam
604 2747 670 2802 tuto
679 2734 835 2823 progredi
844 2757 985 2822 possem.
1014 2734 1192 2822 Tarnopm
1203 2740 1289 2799 etnim

265 2909 335 2966 cos,
359 2891 414 2974 qui
435 2882 475 2948 cle
499 2903 603 2948 nuncu
631 2889 696 2947 uita
714 2889 926 2969 scripseeruut,
950 2887 1088 2946 interce
1109 2879 1290 2968 discrepant

266 3038 385 3120 reperi,
401 3043 451 3111 ui,
473 3028 519 3095 cd
531 3051 602 3094 eam
620 3027 697 3092 bene
712 3041 746 3092 et
757 3038 907 3093 accurate
918 3025 1155 3120 exponendam,
1174 3029 1290 3114 majori

191 3231 193 3236 ,
267 3181 434 3270 diligentia
458 3192 491 3246 ci
515 3178 652 3268 longiori
671 3175 894 3267 disquisitione
909 3168 999 3263 ¹opus
1024 3197 1103 3246 esse
1120 3175 1289 3241 emeretur.

264 3330 354 3398 Inter
367 3334 487 3415 scripta
500 3348 639 3415 quoque,
661 3347 746 3414 quae
761 3325 855 3413 oulgm
875 3345 947 3388 cum
963 3335 1125 3386 auctorem
1140 3321 1290 3402 iaiuim

263 3487 420 3565 putantur
438 3476 569 3563 ejusque
589 3479 716 3538 nomine
738 3470 850 3537 crebro
871 3469 959 3534 edita
982 3482 1072 3552 eunt,
1099 3468 1200 3533 multa
1223 3476 1292 3533 esse

269 3620 479 3710 deprehendi,
503 3644 585 3710 quae
601 3620 651 3686 vel
662 3631 827 3707 suspectae
841 3617 1015 3704 siutfidei,
1039 3617 1089 3681 ool
1101 3606 1230 3682 omniuo
1247 3629 1292 3681 tc·

271 3793 357 3836 mere
373 3776 403 3832 ei
419 3767 636 3856 adfingantur.
672 3767 730 3830 Ec
749 3773 957 3854 incomposita
972 3788 1045 3830 occo
1060 3772 1125 3830 ista
1140 3763 1292 3829 librorum

261 3917 453 4004 farragine,
477 3937 559 4003 quae
575 3935 678 3978 nanee
696 3920 824 3977 nornine
840 3913 1045 4002 umlecmtque
1061 3925 1212 4001 congesta
1225 3926 1290 3993 est,

271 4073 302 4128 si
318 4067 385 4150 ejus
400 4065 578 4128 doctrinam
592 4077 625 4126 ei
639 4069 751 4126 merita
765 4063 913 4148 colligere
929 4063 1074 4142 velimus,
1094 4069 1291 4149 iniqcassime
