<?xml version="1.0" encoding="UTF-8"?>
<!DOCTYPE html PUBLIC "-//W3C//DTD XHTML 1.0 Transitional//EN"
    "http://www.w3.org/TR/xhtml1/DTD/xhtml1-transitional.dtd">
<html xmlns="http://www.w3.org/1999/xhtml" xml:lang="en" lang="en">
 <head>
  <title>
</title>
<meta http-equiv="Content-Type" content="text/html;charset=utf-8" />
  <meta name='ocr-system' content='tesseract 3.04.00' />
  <meta name='ocr-capabilities' content='ocr_page ocr_carea ocr_par ocr_line ocrx_word'/>
</head>
<body>
  <div class='ocr_page' id='page_1' title='image "./disputatiohisto01gehlgoog_0099.png"; bbox 0 0 2909 5392; ppageno 0'>
   <div class='ocr_carea' id='block_1_1' title="bbox 622 502 664 566">
    <p class='ocr_par' dir='ltr' id='par_1_1' title="bbox 622 502 664 566">
     <span class='ocr_line' id='line_1_1' title="bbox 622 502 664 566; baseline -0.048 0"><span class='ocrx_word' id='word_1_1' title='bbox 622 502 664 566; x_wconf 82' lang='grc'><strong>89</strong></span> 
     </span>
    </p>
   </div>
   <div class='ocr_carea' id='block_1_2' title="bbox 177 678 1155 888">
    <p class='ocr_par' dir='ltr' id='par_1_2' title="bbox 177 678 1155 888">
     <span class='ocr_line' id='line_1_2' title="bbox 179 678 1155 770; baseline -0.001 -22"><span class='ocrx_word' id='word_1_2' title='bbox 179 683 276 748; x_wconf 83' lang='lat' dir='ltr'><strong>Liber</strong></span> <span class='ocrx_word' id='word_1_3' title='bbox 297 683 337 746; x_wconf 83' lang='lat' dir='ltr'><strong>de</strong></span> <span class='ocrx_word' id='word_1_4' title='bbox 356 679 612 770; x_wconf 75' lang='lat' dir='ltr'><strong>Orthogrnphia,</strong></span> <span class='ocrx_word' id='word_1_5' title='bbox 636 678 821 768; x_wconf 77' lang='lat' dir='ltr'><strong>alphabetlu&#39;</strong></span> <span class='ocrx_word' id='word_1_6' title='bbox 842 679 954 744; x_wconf 78' lang='lat' dir='ltr'><em>ordine</em></span> <span class='ocrx_word' id='word_1_7' title='bbox 975 681 1155 747; x_wconf 75' lang='lat' dir='ltr'><strong>distinctus.</strong></span> 
     </span>
     <span class='ocr_line' id='line_1_3' title="bbox 177 797 1153 888; baseline 0 -20"><span class='ocrx_word' id='word_1_8' title='bbox 177 803 308 868; x_wconf 86' lang='lat' dir='ltr'><strong>Librum</strong></span> <span class='ocrx_word' id='word_1_9' title='bbox 324 802 363 866; x_wconf 74' lang='lat' dir='ltr'><strong>do</strong></span> <span class='ocrx_word' id='word_1_10' title='bbox 388 799 643 888; x_wconf 68' lang='lat' dir='ltr'><strong>Ortltograplu&#39;o,</strong></span> <span class='ocrx_word' id='word_1_11' title='bbox 669 799 723 888; x_wconf 91' lang='lat' dir='ltr'><strong>qui</strong></span> <span class='ocrx_word' id='word_1_12' title='bbox 746 798 861 888; x_wconf 81' lang='lat' dir='ltr'><strong>legitur</strong></span> <span class='ocrx_word' id='word_1_13' title='bbox 884 800 920 862; x_wconf 92' lang='lat' dir='ltr'><strong>in</strong></span> <span class='ocrx_word' id='word_1_14' title='bbox 944 797 1031 864; x_wconf 87' lang='lat' dir='ltr'><strong>Edit.</strong></span> <span class='ocrx_word' id='word_1_15' title='bbox 1058 803 1153 869; x_wconf 85' lang='lat' dir='ltr'><strong>Basil.</strong></span> 
     </span>
    </p>
   </div>
   <div class='ocr_carea' id='block_1_3' title="bbox 23 915 1157 1009">
    <p class='ocr_par' dir='ltr' id='par_1_3' title="bbox 23 915 1157 1009">
     <span class='ocr_line' id='line_1_4' title="bbox 23 915 1157 1009; baseline 0 -26"><span class='ocrx_word' id='word_1_16' title='bbox 23 963 25 994; x_wconf 56' lang='lat' dir='ltr'><em>a</em></span> <span class='ocrx_word' id='word_1_17' title='bbox 129 919 227 986; x_wconf 88' lang='lat' dir='ltr'><strong>Tom.</strong></span> <span class='ocrx_word' id='word_1_18' title='bbox 250 921 277 986; x_wconf 94' lang='lat' dir='ltr'><strong>I.</strong></span> <span class='ocrx_word' id='word_1_19' title='bbox 301 944 336 1009; x_wconf 96' lang='lat' dir='ltr'><strong>p.</strong></span> <span class='ocrx_word' id='word_1_20' title='bbox 355 919 474 1009; x_wconf 83' lang='lat'><strong>73-98‚</strong></span> <span class='ocrx_word' id='word_1_21' title='bbox 498 919 670 1006; x_wconf 52' lang='lat' dir='ltr'><strong>Colon.,p.</strong></span> <span class='ocrx_word' id='word_1_22' title='bbox 688 915 805 1005; x_wconf 49' lang='grc' dir='ltr'><strong>ὅλῃ,</strong></span> <span class='ocrx_word' id='word_1_23' title='bbox 822 918 907 981; x_wconf 84' lang='lat' dir='ltr'><strong>inter</strong></span> <span class='ocrx_word' id='word_1_24' title='bbox 921 918 1157 1006; x_wconf 81' lang='lat' dir='ltr'><strong>Grammattcae</strong></span> 
     </span>
    </p>
   </div>
   <div class='ocr_carea' id='block_1_4' title="bbox 22 1009 1154 1126">
    <p class='ocr_par' dir='ltr' id='par_1_4' title="bbox 22 1009 1154 1126">
     <span class='ocr_line' id='line_1_5' title="bbox 22 1009 1154 1126; baseline 0.002 -26"><span class='ocrx_word' id='word_1_25' title='bbox 22 1009 24 1100; x_wconf 72' lang='lat' dir='ltr'><strong>l</strong></span> <span class='ocrx_word' id='word_1_26' title='bbox 127 1039 268 1103; x_wconf 81' lang='lat' dir='ltr'><em>Latinae</em></span> <span class='ocrx_word' id='word_1_27' title='bbox 282 1051 427 1102; x_wconf 81' lang='lat' dir='ltr'><strong>auctores</strong></span> <span class='ocrx_word' id='word_1_28' title='bbox 440 1044 590 1126; x_wconf 81' lang='lat' dir='ltr'><strong>antiquos</strong></span> <span class='ocrx_word' id='word_1_29' title='bbox 600 1033 702 1100; x_wconf 86' lang='lat' dir='ltr'><strong>edidit</strong></span> <span class='ocrx_word' id='word_1_30' title='bbox 717 1057 846 1123; x_wconf 82' lang='lat' dir='ltr'><strong>quoque</strong></span> <span class='ocrx_word' id='word_1_31' title='bbox 861 1056 954 1100; x_wconf 79' lang='lat' dir='ltr'><strong>mus</strong></span> <span class='ocrx_word' id='word_1_32' title='bbox 967 1058 1154 1120; x_wconf 76' lang='lat' dir='ltr'><strong>rossontus,</strong></span> 
     </span>
    </p>
   </div>
   <div class='ocr_carea' id='block_1_5' title="bbox 21 1152 1159 1244">
    <p class='ocr_par' dir='ltr' id='par_1_5' title="bbox 21 1152 1159 1244">
     <span class='ocr_line' id='line_1_6' title="bbox 21 1152 1159 1244; baseline 0 -25"><span class='ocrx_word' id='word_1_33' title='bbox 21 1177 22 1210; x_wconf 63' lang='lat' dir='ltr'>f</span> <span class='ocrx_word' id='word_1_34' title='bbox 131 1153 386 1239; x_wconf 72' lang='lat' dir='ltr'><strong>Hanov.&#39;16o5,</strong></span> <span class='ocrx_word' id='word_1_35' title='bbox 410 1179 445 1244; x_wconf 90' lang='lat' dir='ltr'><strong>p.</strong></span> <span class='ocrx_word' id='word_1_36' title='bbox 464 1152 667 1243; x_wconf 81' lang='lat'><strong>2775-2803.</strong></span> <span class='ocrx_word' id='word_1_37' title='bbox 713 1153 779 1218; x_wconf 87' lang='lat' dir='ltr'><strong>Hic</strong></span> <span class='ocrx_word' id='word_1_38' title='bbox 796 1176 875 1218; x_wconf 86' lang='lat' dir='ltr'><strong>vero</strong></span> <span class='ocrx_word' id='word_1_39' title='bbox 887 1153 1013 1218; x_wconf 80' lang='lat' dir='ltr'><strong>incerto</strong></span> <span class='ocrx_word' id='word_1_40' title='bbox 1028 1152 1159 1218; x_wconf 86' lang='lat' dir='ltr'><strong>cuidam</strong></span> 
     </span>
    </p>
   </div>
   <div class='ocr_carea' id='block_1_6' title="bbox 129 1269 1160 2182">
    <p class='ocr_par' dir='ltr' id='par_1_6' title="bbox 129 1269 1159 1715">
     <span class='ocr_line' id='line_1_7' title="bbox 131 1269 1159 1359; baseline -0.002 -21"><span class='ocrx_word' id='word_1_41' title='bbox 131 1275 258 1339; x_wconf 85' lang='lat' dir='ltr'><strong>auctori</strong></span> <span class='ocrx_word' id='word_1_42' title='bbox 271 1272 364 1338; x_wconf 89' lang='lat' dir='ltr'><strong>illum</strong></span> <span class='ocrx_word' id='word_1_43' title='bbox 387 1271 560 1356; x_wconf 82' lang='lat' dir='ltr'>adtribuit,</span> <span class='ocrx_word' id='word_1_44' title='bbox 585 1288 618 1336; x_wconf 87' lang='lat' dir='ltr'><strong>ct</strong></span> <span class='ocrx_word' id='word_1_45' title='bbox 641 1272 738 1335; x_wconf 87' lang='lat' dir='ltr'><strong>alium</strong></span> <span class='ocrx_word' id='word_1_46' title='bbox 754 1269 894 1357; x_wconf 82' lang='lat' dir='ltr'><strong>ejusdcm</strong></span> <span class='ocrx_word' id='word_1_47' title='bbox 911 1271 1051 1336; x_wconf 87' lang='lat' dir='ltr'><strong>nominis</strong></span> <span class='ocrx_word' id='word_1_48' title='bbox 1063 1287 1159 1359; x_wconf 82' lang='lat' dir='ltr'><strong>atquc</strong></span> 
     </span>
     <span class='ocr_line' id='line_1_8' title="bbox 130 1387 1158 1482; baseline -0.003 -25"><span class='ocrx_word' id='word_1_49' title='bbox 130 1391 327 1482; x_wconf 84' lang='lat' dir='ltr'><strong>argumenti,</strong></span> <span class='ocrx_word' id='word_1_50' title='bbox 353 1392 394 1456; x_wconf 89' lang='lat' dir='ltr'><strong>ab</strong></span> <span class='ocrx_word' id='word_1_51' title='bbox 413 1391 515 1455; x_wconf 87' lang='lat' dir='ltr'><strong>altero</strong></span> <span class='ocrx_word' id='word_1_52' title='bbox 537 1403 645 1454; x_wconf 82' lang='lat' dir='ltr'><strong>tamen</strong></span> <span class='ocrx_word' id='word_1_53' title='bbox 665 1387 844 1469; x_wconf 84' lang='lat' dir='ltr'><strong>diversum,</strong></span> <span class='ocrx_word' id='word_1_54' title='bbox 868 1411 963 1474; x_wconf 80' lang='lat' dir='ltr'><strong>quem</strong></span> <span class='ocrx_word' id='word_1_55' title='bbox 983 1389 1158 1477; x_wconf 69' lang='lat' dir='ltr'><strong>genuinum</strong></span> 
     </span>
     <span class='ocr_line' id='line_1_9' title="bbox 130 1504 1159 1598; baseline -0.003 -26"><span class='ocrx_word' id='word_1_56' title='bbox 130 1531 238 1574; x_wconf 75' lang='lat' dir='ltr'><strong>nausa</strong></span> <span class='ocrx_word' id='word_1_57' title='bbox 267 1532 348 1598; x_wconf 88' lang='lat' dir='ltr'><strong>opus</strong></span> <span class='ocrx_word' id='word_1_58' title='bbox 378 1531 447 1573; x_wconf 83' lang='lat' dir='ltr'><strong>csse</strong></span> <span class='ocrx_word' id='word_1_59' title='bbox 478 1521 602 1586; x_wconf 82' lang='lat' dir='ltr'><strong>censet,</strong></span> <span class='ocrx_word' id='word_1_60' title='bbox 639 1528 678 1570; x_wconf 80' lang='lat' dir='ltr'><strong>ex</strong></span> <span class='ocrx_word' id='word_1_61' title='bbox 708 1504 780 1570; x_wconf 83' lang='lat' dir='ltr'><strong>MS.</strong></span> <span class='ocrx_word' id='word_1_62' title='bbox 808 1528 968 1570; x_wconf 73' lang='lat' dir='ltr'><strong>sorciusr</strong></span> <span class='ocrx_word' id='word_1_63' title='bbox 992 1504 1159 1594; x_wconf 67' lang='lat' dir='ltr'><strong>dcscripuit</strong></span> 
     </span>
     <span class='ocr_line' id='line_1_10' title="bbox 129 1624 401 1715; baseline -0.015 -22"><span class='ocrx_word' id='word_1_64' title='bbox 129 1649 166 1714; x_wconf 92' lang='lat' dir='ltr'><strong>p.</strong></span> <span class='ocrx_word' id='word_1_65' title='bbox 195 1624 401 1715; x_wconf 78' lang='lat'><strong>2327·2350.</strong></span> 
     </span>
    </p>

    <p class='ocr_par' dir='ltr' id='par_1_7' title="bbox 131 1740 1160 2065">
     <span class='ocr_line' id='line_1_11' title="bbox 177 1740 1158 1829; baseline -0.003 -21"><span class='ocrx_word' id='word_1_66' title='bbox 177 1743 277 1808; x_wconf 78' lang='lat' dir='ltr'><strong>Liber</strong></span> <span class='ocrx_word' id='word_1_67' title='bbox 289 1744 329 1807; x_wconf 86' lang='lat' dir='ltr'><strong>de</strong></span> <span class='ocrx_word' id='word_1_68' title='bbox 343 1741 480 1806; x_wconf 70' lang='lat' dir='ltr'><strong>Matrica</strong></span> <span class='ocrx_word' id='word_1_69' title='bbox 495 1754 583 1822; x_wconf 77' lang='lat' dir='ltr'><strong>atte;</strong></span> <span class='ocrx_word' id='word_1_70' title='bbox 605 1755 639 1806; x_wconf 83' lang='lat' dir='ltr'><strong>ot</strong></span> <span class='ocrx_word' id='word_1_71' title='bbox 652 1741 726 1806; x_wconf 75' lang='lat' dir='ltr'><strong>tute</strong></span> <span class='ocrx_word' id='word_1_72' title='bbox 743 1740 887 1829; x_wconf 70' lang='lat' dir='ltr'><strong>utlJ&#39;ecuts</strong></span> <span class='ocrx_word' id='word_1_73' title='bbox 904 1741 988 1805; x_wconf 77' lang='lat' dir='ltr'><strong>alius</strong></span> <span class='ocrx_word' id='word_1_74' title='bbox 1008 1741 1049 1805; x_wconf 77' lang='lat' dir='ltr'><strong>de</strong></span> <span class='ocrx_word' id='word_1_75' title='bbox 1063 1742 1158 1806; x_wconf 77' lang='lat' dir='ltr'><strong>Scle-</strong></span> 
     </span>
     <span class='ocr_line' id='line_1_12' title="bbox 131 1857 1160 1950; baseline -0.001 -25"><span class='ocrx_word' id='word_1_76' title='bbox 131 1859 286 1941; x_wconf 76' lang='lat' dir='ltr'><strong>marthus,</strong></span> <span class='ocrx_word' id='word_1_77' title='bbox 311 1866 377 1922; x_wconf 79' lang='lat' dir='ltr'><strong>sive</strong></span> <span class='ocrx_word' id='word_1_78' title='bbox 397 1860 510 1946; x_wconf 74' lang='lat' dir='ltr'><strong>Tmpis</strong></span> <span class='ocrx_word' id='word_1_79' title='bbox 534 1857 675 1941; x_wconf 78' lang='lat' dir='ltr'><strong>libellus,</strong></span> <span class='ocrx_word' id='word_1_80' title='bbox 700 1859 734 1924; x_wconf 82' lang='lat' dir='ltr'><strong>t.</strong></span> <span class='ocrx_word' id='word_1_81' title='bbox 750 1883 780 1924; x_wconf 87' lang='lat' dir='ltr'><strong>e.</strong></span> <span class='ocrx_word' id='word_1_82' title='bbox 799 1859 840 1923; x_wconf 79' lang='lat' dir='ltr'><strong>de</strong></span> <span class='ocrx_word' id='word_1_83' title='bbox 853 1861 977 1947; x_wconf 74' lang='lat' dir='ltr'><strong>sigum</strong></span> <span class='ocrx_word' id='word_1_84' title='bbox 995 1859 1160 1950; x_wconf 75' lang='lat' dir='ltr'><strong>modisque</strong></span> 
     </span>
     <span class='ocr_line' id='line_1_13' title="bbox 131 1975 1066 2065; baseline 0 -23"><span class='ocrx_word' id='word_1_85' title='bbox 131 1978 339 2056; x_wconf 65' lang='lat' dir='ltr'><strong>bardonum,</strong></span> <span class='ocrx_word' id='word_1_86' title='bbox 364 1975 478 2065; x_wconf 77' lang='lat' dir='ltr'><strong>quibus</strong></span> <span class='ocrx_word' id='word_1_87' title='bbox 495 1977 659 2064; x_wconf 71' lang='lat' dir='ltr'><strong>Scriptura</strong></span> <span class='ocrx_word' id='word_1_88' title='bbox 675 1977 794 2041; x_wconf 62' lang='lat' dir='ltr'><strong>&amp;nota</strong></span> <span class='ocrx_word' id='word_1_89' title='bbox 808 1991 961 2042; x_wconf 69' lang='lat' dir='ltr'><strong>conoexta</strong></span> <span class='ocrx_word' id='word_1_90' title='bbox 974 1991 1034 2042; x_wconf 80' lang='lat' dir='ltr'><strong>est.</strong></span> <span class='ocrx_word' id='word_1_91' title='bbox 1063 1985 1066 1993; x_wconf 85' lang='grc'><strong>“</strong></span> 
     </span>
    </p>

    <p class='ocr_par' dir='ltr' id='par_1_8' title="bbox 176 2092 1156 2182">
     <span class='ocr_line' id='line_1_14' title="bbox 176 2092 1156 2182; baseline 0.002 -24"><span class='ocrx_word' id='word_1_92' title='bbox 176 2094 286 2158; x_wconf 79' lang='lat' dir='ltr'><strong>Exstat</strong></span> <span class='ocrx_word' id='word_1_93' title='bbox 305 2092 430 2158; x_wconf 83' lang='lat' dir='ltr'><strong>libellus</strong></span> <span class='ocrx_word' id='word_1_94' title='bbox 448 2093 489 2157; x_wconf 84' lang='lat' dir='ltr'><strong>de</strong></span> <span class='ocrx_word' id='word_1_95' title='bbox 504 2094 644 2158; x_wconf 70' lang='lat' dir='ltr'><strong>Mettica</strong></span> <span class='ocrx_word' id='word_1_96' title='bbox 656 2105 726 2157; x_wconf 81' lang='lat' dir='ltr'><strong>arte</strong></span> <span class='ocrx_word' id='word_1_97' title='bbox 744 2094 829 2158; x_wconf 83' lang='lat' dir='ltr'><strong>inter</strong></span> <span class='ocrx_word' id='word_1_98' title='bbox 841 2094 940 2182; x_wconf 83' lang='lat' dir='ltr'><strong>Opcr.</strong></span> <span class='ocrx_word' id='word_1_99' title='bbox 955 2093 1043 2159; x_wconf 82' lang='lat' dir='ltr'><strong>Edit.</strong></span> <span class='ocrx_word' id='word_1_100' title='bbox 1061 2093 1156 2160; x_wconf 86' lang='lat' dir='ltr'><strong>Basil.</strong></span> 
     </span>
    </p>
   </div>
   <div class='ocr_carea' id='block_1_7' title="bbox 6 2208 1160 2301">
    <p class='ocr_par' dir='ltr' id='par_1_9' title="bbox 6 2208 1160 2301">
     <span class='ocr_line' id='line_1_15' title="bbox 6 2208 1160 2301; baseline 0.001 -26"><span class='ocrx_word' id='word_1_101' title='bbox 6 2256 7 2275; x_wconf 76' lang='grc'><strong>.</strong></span> <span class='ocrx_word' id='word_1_102' title='bbox 133 2212 228 2277; x_wconf 91' lang='lat' dir='ltr'><strong>Tom.</strong></span> <span class='ocrx_word' id='word_1_103' title='bbox 253 2211 280 2277; x_wconf 93' lang='grc' dir='ltr'><strong>Ι.</strong></span> <span class='ocrx_word' id='word_1_104' title='bbox 312 2234 346 2301; x_wconf 88' lang='lat' dir='ltr'><strong>p.</strong></span> <span class='ocrx_word' id='word_1_105' title='bbox 381 2208 500 2294; x_wconf 74' lang='lat'>34-58,</span> <span class='ocrx_word' id='word_1_106' title='bbox 531 2210 649 2276; x_wconf 90' lang='lat' dir='ltr'><strong>Colon.</strong></span> <span class='ocrx_word' id='word_1_107' title='bbox 681 2233 716 2299; x_wconf 88' lang='lat' dir='ltr'><strong>p.</strong></span> <span class='ocrx_word' id='word_1_108' title='bbox 747 2209 861 2289; x_wconf 48' lang='lat'><strong>2542.</strong></span> <span class='ocrx_word' id='word_1_109' title='bbox 909 2208 1035 2274; x_wconf 89' lang='lat' dir='ltr'><strong>Prodiit</strong></span> <span class='ocrx_word' id='word_1_110' title='bbox 1061 2213 1160 2276; x_wconf 79' lang='lat' dir='ltr'><strong>ctiam</strong></span> 
     </span>
    </p>
   </div>
   <div class='ocr_carea' id='block_1_8' title="bbox 113 2327 1160 3242">
    <p class='ocr_par' dir='ltr' id='par_1_10' title="bbox 129 2327 1159 2651">
     <span class='ocr_line' id='line_1_16' title="bbox 131 2327 1157 2417; baseline 0.004 -25"><span class='ocrx_word' id='word_1_111' title='bbox 131 2329 215 2394; x_wconf 85' lang='lat' dir='ltr'><strong>inter</strong></span> <span class='ocrx_word' id='word_1_112' title='bbox 228 2351 378 2394; x_wconf 78' lang='lat' dir='ltr'><strong>rursum</strong></span> <span class='ocrx_word' id='word_1_113' title='bbox 388 2327 522 2394; x_wconf 77' lang='lat' dir='ltr'>Veteres</span> <span class='ocrx_word' id='word_1_114' title='bbox 535 2327 771 2417; x_wconf 74' lang='lat' dir='ltr'><strong>Grammaticos</strong></span> <span class='ocrx_word' id='word_1_115' title='bbox 783 2350 838 2415; x_wconf 91' lang='lat' dir='ltr'><strong>op.</strong></span> <span class='ocrx_word' id='word_1_116' title='bbox 852 2329 876 2393; x_wconf 89' lang='lat' dir='ltr'><strong>l.</strong></span> <span class='ocrx_word' id='word_1_117' title='bbox 895 2352 930 2416; x_wconf 90' lang='lat' dir='ltr'><strong>p.</strong></span> <span class='ocrx_word' id='word_1_118' title='bbox 947 2327 1157 2414; x_wconf 80' lang='lat'><strong>2350·2383,</strong></span> 
     </span>
     <span class='ocr_line' id='line_1_17' title="bbox 129 2425 1159 2536; baseline 0 -24"><span class='ocrx_word' id='word_1_119' title='bbox 129 2425 168 2512; x_wconf 85' lang='lat' dir='ltr'><strong>et</strong></span> <span class='ocrx_word' id='word_1_120' title='bbox 186 2469 260 2536; x_wconf 89' lang='lat' dir='ltr'><strong>pars</strong></span> <span class='ocrx_word' id='word_1_121' title='bbox 285 2449 352 2532; x_wconf 87' lang='lat' dir='ltr'><strong>ejus</strong></span> <span class='ocrx_word' id='word_1_122' title='bbox 375 2444 562 2534; x_wconf 83' lang='lat' dir='ltr'><strong>praefigitur</strong></span> <span class='ocrx_word' id='word_1_123' title='bbox 583 2446 718 2531; x_wconf 72' lang='lat' dir='ltr'><strong>Hymm&#39;s</strong></span> <span class='ocrx_word' id='word_1_124' title='bbox 745 2468 764 2509; x_wconf 86' lang='lat' dir='ltr'><strong>a</strong></span> <span class='ocrx_word' id='word_1_125' title='bbox 788 2467 969 2512; x_wconf 73' lang='lat' dir='ltr'><strong>mssmnno</strong></span> <span class='ocrx_word' id='word_1_126' title='bbox 993 2445 1105 2531; x_wconf 81' lang='lat' dir='ltr'><strong>editis,</strong></span> <span class='ocrx_word' id='word_1_127' title='bbox 1124 2463 1159 2514; x_wconf 74' lang='lat' dir='ltr'><strong>ct</strong></span> 
     </span>
     <span class='ocr_line' id='line_1_18' title="bbox 130 2562 807 2651; baseline 0 -22"><span class='ocrx_word' id='word_1_128' title='bbox 130 2565 216 2630; x_wconf 81' lang='lat' dir='ltr'><strong>inter</strong></span> <span class='ocrx_word' id='word_1_129' title='bbox 240 2562 384 2651; x_wconf 85' lang='lat' dir='ltr'><strong>ejusdem</strong></span> <span class='ocrx_word' id='word_1_130' title='bbox 407 2563 534 2651; x_wconf 83' lang='lat' dir='ltr'>Opera,</span> <span class='ocrx_word' id='word_1_131' title='bbox 559 2562 686 2628; x_wconf 81' lang='lat' dir='ltr'><strong>Parisiis</strong></span> <span class='ocrx_word' id='word_1_132' title='bbox 712 2563 807 2630; x_wconf 90' lang='lat'><strong>1616.</strong></span> 
     </span>
    </p>

    <p class='ocr_par' dir='ltr' id='par_1_11' title="bbox 113 2680 1160 3242">
     <span class='ocr_line' id='line_1_19' title="bbox 130 2680 1160 2771; baseline 0 -22"><span class='ocrx_word' id='word_1_133' title='bbox 130 2717 137 2748; x_wconf 79' lang='lat' dir='ltr'><strong>t</strong></span> <span class='ocrx_word' id='word_1_134' title='bbox 178 2682 317 2748; x_wconf 86' lang='lat' dir='ltr'><strong>libellus</strong></span> <span class='ocrx_word' id='word_1_135' title='bbox 346 2682 387 2746; x_wconf 73' lang='lat' dir='ltr'><strong>de</strong></span> <span class='ocrx_word' id='word_1_136' title='bbox 418 2680 637 2746; x_wconf 74' lang='lat' dir='ltr'><strong>Schematibus</strong></span> <span class='ocrx_word' id='word_1_137' title='bbox 667 2697 700 2746; x_wconf 89' lang='lat' dir='ltr'><strong>et</strong></span> <span class='ocrx_word' id='word_1_138' title='bbox 728 2682 769 2746; x_wconf 79' lang='lat' dir='ltr'><strong>de</strong></span> <span class='ocrx_word' id='word_1_139' title='bbox 802 2683 916 2771; x_wconf 78' lang='lat' dir='ltr'><strong>Tmpis</strong></span> <span class='ocrx_word' id='word_1_140' title='bbox 942 2698 1045 2748; x_wconf 83' lang='lat' dir='ltr'><strong>exstat</strong></span> <span class='ocrx_word' id='word_1_141' title='bbox 1075 2684 1160 2750; x_wconf 80' lang='lat' dir='ltr'><strong>inter</strong></span> 
     </span>
     <span class='ocr_line' id='line_1_20' title="bbox 133 2798 1159 2890; baseline 0.002 -24"><span class='ocrx_word' id='word_1_142' title='bbox 133 2801 232 2890; x_wconf 82' lang='lat' dir='ltr'><strong>Oper.</strong></span> <span class='ocrx_word' id='word_1_143' title='bbox 243 2799 329 2866; x_wconf 89' lang='lat' dir='ltr'><strong>Edit.</strong></span> <span class='ocrx_word' id='word_1_144' title='bbox 340 2800 437 2867; x_wconf 90' lang='lat' dir='ltr'><strong>Basil.</strong></span> <span class='ocrx_word' id='word_1_145' title='bbox 451 2798 547 2866; x_wconf 88' lang='lat' dir='ltr'><strong>Tom.</strong></span> <span class='ocrx_word' id='word_1_146' title='bbox 556 2801 583 2864; x_wconf 94' lang='lat' dir='ltr'><strong>I.</strong></span> <span class='ocrx_word' id='word_1_147' title='bbox 598 2824 632 2890; x_wconf 92' lang='lat' dir='ltr'><strong>p.</strong></span> <span class='ocrx_word' id='word_1_148' title='bbox 644 2798 758 2890; x_wconf 69' lang='lat'>5973,</span> <span class='ocrx_word' id='word_1_149' title='bbox 772 2799 890 2866; x_wconf 91' lang='lat' dir='ltr'><strong>Colon.</strong></span> <span class='ocrx_word' id='word_1_150' title='bbox 902 2823 938 2888; x_wconf 88' lang='lat' dir='ltr'><strong>p.</strong></span> <span class='ocrx_word' id='word_1_151' title='bbox 948 2799 1064 2883; x_wconf 68' lang='lat' dir='ltr'><strong>taos,</strong></span> <span class='ocrx_word' id='word_1_152' title='bbox 1078 2802 1159 2868; x_wconf 80' lang='lat' dir='ltr'><strong>item</strong></span> 
     </span>
     <span class='ocr_line' id='line_1_21' title="bbox 132 2917 1160 3007; baseline 0.002 -23"><span class='ocrx_word' id='word_1_153' title='bbox 132 2919 216 2984; x_wconf 81' lang='lat' dir='ltr'><strong>inter</strong></span> <span class='ocrx_word' id='word_1_154' title='bbox 237 2917 390 2984; x_wconf 70' lang='lat' dir='ltr'><strong>libatores</strong></span> <span class='ocrx_word' id='word_1_155' title='bbox 409 2939 576 2985; x_wconf 75' lang='lat' dir='ltr'><strong>smotsc.</strong></span> <span class='ocrx_word' id='word_1_156' title='bbox 595 2941 730 2984; x_wconf 81' lang='lat' dir='ltr'><strong>muosr</strong></span> <span class='ocrx_word' id='word_1_157' title='bbox 749 2942 783 3007; x_wconf 92' lang='lat' dir='ltr'><strong>p.</strong></span> <span class='ocrx_word' id='word_1_158' title='bbox 804 2917 965 2998; x_wconf 67' lang='lat' dir='ltr'><strong>sta-355.</strong></span> <span class='ocrx_word' id='word_1_159' title='bbox 1009 2919 1160 2986; x_wconf 80' lang='lat' dir='ltr'>Seorsum</span> 
     </span>
     <span class='ocr_line' id='line_1_22' title="bbox 113 3034 1159 3128; baseline 0.002 -26"><span class='ocrx_word' id='word_1_160' title='bbox 113 3037 230 3126; x_wconf 21' lang='lat' dir='ltr'><strong>*etiam</strong></span> <span class='ocrx_word' id='word_1_161' title='bbox 252 3035 374 3125; x_wconf 88' lang='lat' dir='ltr'><strong>prodiit</strong></span> <span class='ocrx_word' id='word_1_162' title='bbox 398 3035 543 3102; x_wconf 82' lang='lat' dir='ltr'><strong>Venetiis</strong></span> <span class='ocrx_word' id='word_1_163' title='bbox 569 3035 671 3119; x_wconf 83' lang='lat'><strong>1522,</strong></span> <span class='ocrx_word' id='word_1_164' title='bbox 696 3034 815 3102; x_wconf 76' lang='lat' dir='ltr'><strong>deindo</strong></span> <span class='ocrx_word' id='word_1_165' title='bbox 841 3059 916 3102; x_wconf 86' lang='lat' dir='ltr'><strong>cum</strong></span> <span class='ocrx_word' id='word_1_166' title='bbox 941 3039 1095 3128; x_wconf 76' lang='lat' dir='ltr'><strong>exemplis</strong></span> <span class='ocrx_word' id='word_1_167' title='bbox 1119 3061 1159 3104; x_wconf 82' lang='lat' dir='ltr'><strong>cx</strong></span> 
     </span>
     <span class='ocr_line' id='line_1_23' title="bbox 131 3152 1159 3242; baseline 0.005 -24"><span class='ocrx_word' id='word_1_168' title='bbox 131 3177 317 3219; x_wconf 80' lang='lat' dir='ltr'><strong>snonsrmo</strong></span> <span class='ocrx_word' id='word_1_169' title='bbox 329 3168 362 3219; x_wconf 86' lang='lat' dir='ltr'><strong>et</strong></span> <span class='ocrx_word' id='word_1_170' title='bbox 374 3175 622 3236; x_wconf 75' lang='lat' dir='ltr'><strong>cunrsosrouo,</strong></span> <span class='ocrx_word' id='word_1_171' title='bbox 636 3152 782 3220; x_wconf 81' lang='lat' dir='ltr'><strong>collectis</strong></span> <span class='ocrx_word' id='word_1_172' title='bbox 793 3177 853 3242; x_wconf 84' lang='lat' dir='ltr'><strong>per</strong></span> <span class='ocrx_word' id='word_1_173' title='bbox 866 3179 1159 3222; x_wconf 74' lang='lat' dir='ltr'><strong>nurnouomnu</strong></span> 
     </span>
    </p>
   </div>
   <div class='ocr_carea' id='block_1_9' title="bbox 130 3269 1155 3478">
    <p class='ocr_par' dir='ltr' id='par_1_12' title="bbox 130 3269 1155 3478">
     <span class='ocr_line' id='line_1_24' title="bbox 130 3269 1155 3368; baseline 0.001 -29"><span class='ocrx_word' id='word_1_174' title='bbox 130 3272 422 3356; x_wconf 47' lang='lat' dir='ltr'><strong>,Westlteimerum</strong></span> <span class='ocrx_word' id='word_1_175' title='bbox 449 3271 590 3338; x_wconf 84' lang='lat' dir='ltr'><strong>Basileae</strong></span> <span class='ocrx_word' id='word_1_176' title='bbox 619 3269 721 3354; x_wconf 77' lang='lat'>15363</span> <span class='ocrx_word' id='word_1_177' title='bbox 746 3270 885 3361; x_wconf 81' lang='lat' dir='ltr'><strong>denique</strong></span> <span class='ocrx_word' id='word_1_178' title='bbox 905 3274 1033 3368; x_wconf 76' lang='lat' dir='ltr'><strong>Parisiis</strong></span> <span class='ocrx_word' id='word_1_179' title='bbox 1059 3273 1155 3360; x_wconf 79' lang='lat'><strong>1599.</strong></span> 
     </span>
     <span class='ocr_line' id='line_1_25' title="bbox 132 3390 1154 3478; baseline 0.007 -29"><span class='ocrx_word' id='word_1_180' title='bbox 132 3391 188 3454; x_wconf 66' lang='lat' dir='ltr'><strong>alu</strong></span> <span class='ocrx_word' id='word_1_181' title='bbox 206 3391 270 3454; x_wconf 89' lang='lat' dir='ltr'><strong>hoc</strong></span> <span class='ocrx_word' id='word_1_182' title='bbox 286 3390 388 3471; x_wconf 91' lang='lat' dir='ltr'><strong>libro,</strong></span> <span class='ocrx_word' id='word_1_183' title='bbox 409 3390 455 3454; x_wconf 82' lang='lat' dir='ltr'><strong>ait</strong></span> <span class='ocrx_word' id='word_1_184' title='bbox 471 3411 579 3454; x_wconf 80' lang='lat' dir='ltr'><strong>smus</strong></span> <span class='ocrx_word' id='word_1_185' title='bbox 597 3390 820 3478; x_wconf 79' lang='lat' dir='ltr'><strong>Sinensis(1),</strong></span> <span class='ocrx_word' id='word_1_186' title='bbox 843 3390 991 3454; x_wconf 81' lang='lat' dir='ltr'><strong>adversus</strong></span> <span class='ocrx_word' id='word_1_187' title='bbox 1002 3392 1154 3473; x_wconf 77' lang='lat' dir='ltr'><strong>Graecos,</strong></span> 
     </span>
    </p>
   </div>
   <div class='ocr_carea' id='block_1_10' title="bbox 132 3507 1156 3930">
    <p class='ocr_par' dir='ltr' id='par_1_13' title="bbox 132 3507 1156 3930">
     <span class='ocr_line' id='line_1_26' title="bbox 133 3507 1154 3600; baseline -0.001 -26"><span class='ocrx_word' id='word_1_188' title='bbox 133 3509 187 3598; x_wconf 89' lang='lat' dir='ltr'><strong>qui</strong></span> <span class='ocrx_word' id='word_1_189' title='bbox 206 3508 382 3600; x_wconf 84' lang='lat' dir='ltr'><strong>gloriantur</strong></span> <span class='ocrx_word' id='word_1_190' title='bbox 407 3531 442 3572; x_wconf 83' lang='lat' dir='ltr'><strong>se</strong></span> <span class='ocrx_word' id='word_1_191' title='bbox 466 3523 633 3594; x_wconf 85' lang='lat' dir='ltr'><strong>troporum</strong></span> <span class='ocrx_word' id='word_1_192' title='bbox 652 3507 750 3572; x_wconf 81' lang='lat' dir='ltr'><strong>fuisse</strong></span> <span class='ocrx_word' id='word_1_193' title='bbox 773 3524 970 3596; x_wconf 73' lang='lat' dir='ltr'><strong>repertores,</strong></span> <span class='ocrx_word' id='word_1_194' title='bbox 995 3507 1154 3592; x_wconf 79' lang='lat' dir='ltr'><strong>ostendit,</strong></span> 
     </span>
     <span class='ocr_line' id='line_1_27' title="bbox 133 3621 1156 3715; baseline 0.003 -27"><span class='ocrx_word' id='word_1_195' title='bbox 133 3625 214 3688; x_wconf 93' lang='lat' dir='ltr'><strong>nihil</strong></span> <span class='ocrx_word' id='word_1_196' title='bbox 234 3621 416 3709; x_wconf 85' lang='lat' dir='ltr'><strong>hujusmodi</strong></span> <span class='ocrx_word' id='word_1_197' title='bbox 441 3637 627 3712; x_wconf 85' lang='lat' dir='ltr'><strong>troporum,</strong></span> <span class='ocrx_word' id='word_1_198' title='bbox 651 3625 852 3689; x_wconf 84' lang='lat' dir='ltr'><strong>schematum</strong></span> <span class='ocrx_word' id='word_1_199' title='bbox 872 3648 911 3690; x_wconf 84' lang='lat' dir='ltr'><strong>nc</strong></span> <span class='ocrx_word' id='word_1_200' title='bbox 930 3624 1104 3715; x_wconf 80' lang='lat' dir='ltr'><strong>figurarum</strong></span> <span class='ocrx_word' id='word_1_201' title='bbox 1122 3629 1156 3692; x_wconf 92' lang='lat' dir='ltr'><strong>in</strong></span> 
     </span>
     <span class='ocr_line' id='line_1_28' title="bbox 132 3741 1155 3834; baseline -0.002 -26"><span class='ocrx_word' id='word_1_202' title='bbox 132 3743 257 3831; x_wconf 85' lang='lat' dir='ltr'><strong>scriptis</strong></span> <span class='ocrx_word' id='word_1_203' title='bbox 288 3741 481 3806; x_wconf 80' lang='lat' dir='ltr'><strong>Graecorum</strong></span> <span class='ocrx_word' id='word_1_204' title='bbox 505 3742 657 3826; x_wconf 87' lang='lat' dir='ltr'><strong>inveniri,</strong></span> <span class='ocrx_word' id='word_1_205' title='bbox 683 3742 771 3832; x_wconf 90' lang='lat' dir='ltr'><strong>quod</strong></span> <span class='ocrx_word' id='word_1_206' title='bbox 800 3767 867 3809; x_wconf 91' lang='lat' dir='ltr'><strong>non</strong></span> <span class='ocrx_word' id='word_1_207' title='bbox 887 3742 983 3834; x_wconf 84' lang='lat' dir='ltr'><strong>longe</strong></span> <span class='ocrx_word' id='word_1_208' title='bbox 1009 3760 1100 3809; x_wconf 84' lang='lat' dir='ltr'><strong>antea</strong></span> <span class='ocrx_word' id='word_1_209' title='bbox 1121 3745 1155 3807; x_wconf 91' lang='lat' dir='ltr'><strong>in</strong></span> 
     </span>
     <span class='ocr_line' id='line_1_29' title="bbox 135 3859 629 3930; baseline -0.004 -2"><span class='ocrx_word' id='word_1_210' title='bbox 135 3860 171 3928; x_wconf 87' lang='lat' dir='ltr'><strong>S.</strong></span> <span class='ocrx_word' id='word_1_211' title='bbox 195 3859 308 3930; x_wconf 81' lang='lat' dir='ltr'><strong>Literis</strong></span> <span class='ocrx_word' id='word_1_212' title='bbox 330 3859 426 3928; x_wconf 84' lang='lat' dir='ltr'><strong>fuerit</strong></span> <span class='ocrx_word' id='word_1_213' title='bbox 448 3861 629 3928; x_wconf 85' lang='lat' dir='ltr'><strong>usitatum.»</strong></span> 
     </span>
    </p>
   </div>
   <div class='ocr_carea' id='block_1_11' title="bbox 176 4091 678 4165">
    <p class='ocr_par' dir='ltr' id='par_1_14' title="bbox 176 4091 678 4165">
     <span class='ocr_line' id='line_1_30' title="bbox 176 4091 678 4165; baseline 0.002 -21"><span class='ocrx_word' id='word_1_214' title='bbox 176 4091 218 4160; x_wconf 88' lang='lat'><strong>(1)</strong></span> <span class='ocrx_word' id='word_1_215' title='bbox 239 4093 288 4165; x_wconf 86' lang='lat' dir='ltr'><strong>Op.</strong></span> <span class='ocrx_word' id='word_1_216' title='bbox 302 4097 347 4150; x_wconf 85' lang='lat' dir='ltr'><strong>cit.</strong></span> <span class='ocrx_word' id='word_1_217' title='bbox 362 4095 421 4148; x_wconf 85' lang='lat' dir='ltr'><strong>Lib.</strong></span> <span class='ocrx_word' id='word_1_218' title='bbox 437 4095 481 4148; x_wconf 77' lang='lat' dir='ltr'><strong>lv.</strong></span> <span class='ocrx_word' id='word_1_219' title='bbox 496 4113 555 4165; x_wconf 80' lang='lat' dir='ltr'><strong>pag.</strong></span> <span class='ocrx_word' id='word_1_220' title='bbox 570 4095 629 4147; x_wconf 74' lang='lat'><strong>219.</strong></span> <span class='ocrx_word' id='word_1_221' title='bbox 646 4093 678 4146; x_wconf 87' lang='lat' dir='ltr'><strong>C.</strong></span> 
     </span>
    </p>
   </div>
   <div class='ocr_carea' id='block_1_12' title="bbox 545 4250 756 4276">
    <p class='ocr_par' dir='ltr' id='par_1_15' title="bbox 545 4250 756 4276">
     <span class='ocr_line' id='line_1_31' title="bbox 545 4250 756 4276; baseline -0.009 -4"><span class='ocrx_word' id='word_1_222' title='bbox 545 4250 756 4276; x_wconf 61' lang='grc' dir='ltr'>ψ</span> 
     </span>
    </p>
   </div>
   <div class='ocr_carea' id='block_1_13' title="bbox 0 0 1463 5392">
    <p class='ocr_par' dir='ltr' id='par_1_16' title="bbox 0 0 1463 5392">
     <span class='ocr_line' id='line_1_32' title="bbox 0 0 1463 5392; baseline 0 0"><span class='ocrx_word' id='word_1_223' title='bbox 0 0 1463 5392; x_wconf 95' lang='lat' dir='ltr'><strong> </strong></span> 
     </span>
    </p>
   </div>
  </div>
 </body>
</html>
