2909 5392
771 542 812 608 92

282 723 375 792 Tum.
410 725 436 789 Ι.
467 745 501 812 p.
533 743 572 808 9,
598 721 683 786 Edit.
717 743 821 787 novae
852 747 886 813 p.
925 722 987 811 398
1022 724 1300 814 (1).Atu1rus,

280 843 467 910 Monasterii
506 833 746 907 Cautum-ansis
780 842 905 925 Abbas,
943 843 1026 907 bene
1063 842 1303 933 distinguendus

282 977 330 1026 est
355 961 395 1024 ab
417 983 538 1026 statuo
556 982 679 1024 roseco
697 961 763 1025 sive
779 982 940 1043 arcuum,
966 962 1020 1048 qui
1037 963 1146 1026 seculo
1163 962 1306 1049 sequenti

279 1079 367 1143 vixit.
401 1079 526 1142 Auctor
543 1100 648 1144 orote
669 1094 701 1144 et
722 1077 849 1165 adjutor
864 1079 969 1149 irrorat
983 1078 1171 1146 scribendae
1186 1080 1308 1168 Angla·

281 1219 350 1260 rum
391 1195 568 1279 Historiae,
606 1212 643 1260 ut
683 1220 778 1286 supra
812 1221 852 1262 ex
885 1198 1089 1263 Praefatione
1122 1194 1304 1265 adtulimus.

280 1313 351 1377 Hac
380 1328 486 1378 autem
517 1315 552 1377 in
585 1313 729 1404 Epistola
760 1316 877 1404 gratias
904 1317 969 1405 agit
999 1339 1084 1381 aaut
1110 1339 1172 1404 pro
1203 1317 1306 1380 missis

278 1431 339 1495 sibi
369 1433 436 1516 jam
462 1430 601 1495 secunda
627 1433 698 1496 rice
731 1456 790 1521 per
819 1447 1043 1514 nosnatura,
1079 1434 1307 1523 Presbyterum

279 1549 530 1630 Mndinensem,
572 1549 788 1613 monumentis
824 1564 857 1614 et
888 1551 1047 1633 fontibus,
1093 1572 1158 1638 quo
1193 1550 1308 1616 melius

280 1688 360 1756 opus
389 1689 480 1729 suum
511 1666 740 1730 conscriberet.
794 1663 897 1729 Simul
925 1687 1064 1748 austro,
1096 1668 1178 1755 grati
1209 1668 1308 1731 animi

279 1782 478 1875 significandi
510 1805 620 1865 causa,
644 1783 747 1871 ipsam
775 1783 950 1847 Historiam
973 1783 1072 1848 mittit
1096 1785 1307 1849 transcriben-

278 1901 368 1983 dam,
390 1901 547 1987 aliamque
564 1900 660 1964 etiam
674 1899 885 1987 scriptionem
901 1901 943 1963 de
959 1902 1089 1989 Templo
1102 1899 1301 1983 ssoouor'ts,

279 2019 319 2086 de
349 2042 411 2106 qua
439 2039 534 2107 supra
562 2021 629 2103 J'am
657 2015 805 2082 diximus.
862 2018 939 2082 Non
972 2018 1076 2083 multo
1106 2019 1202 2108 igitur
1231 2034 1305 2108 post

279 2159 398 2200 annum
427 2134 489 2224 731
520 2135 604 2199 hanc
635 2111 813 2222 Epistolam
841 2135 993 2224 scriptam
1021 2159 1088 2201 esse
1119 2151 1211 2224 puto.

325 2253 599 2343 Epistularum
622 2252 669 2316 ad
687 2274 864 2317 reserauit
887 2256 1089 2344 Antistitem,
1113 2252 1154 2318 de
1175 2275 1306 2318 cnatsat

281 2371 445 2437 Praesulis
466 2370 586 2458 officio.

326 2489 469 2554 Primum
495 2485 581 2553 edita
603 2503 650 2552 est
672 2511 691 2551 a
714 2510 852 2554 waratto
874 2489 973 2554 Dubl.
1003 2489 1106 2572 1664,
1130 2488 1266 2578 repetita
1285 2513 1306 2554 a

282 2627 467 2672 wasaroro
488 2604 592 2670 lond.
622 2604 716 2692 1693.
764 2605 905 2688 Mandis,
927 2628 1008 2693 quae
1026 2622 1229 2696 supererant,
1248 2628 1305 2670 sua

205 2790 207 2799 ,
282 2725 316 2790 i1'1
341 2723 491 2788 Editione
516 2721 774 2812 Cantabrigt'ensi
795 2721 837 2786 ad
856 2721 955 2787 fidem
976 2721 1061 2789 Ccd.
1085 2723 1156 2788 MS.
1191 2725 1309 2788 Metto·

282 2850 391 2908 nensis
404 2864 476 2907 eam
488 2842 634 2931 purgavit
647 2863 813 2906 summus.
837 2840 912 2905 Fuit
927 2857 1035 2906 autem
1051 2863 1216 2908 sessurus
1231 2841 1304 2924 ille,

281 2959 322 3025 ad
346 2983 441 3048 quern
458 2959 600 3048 Epistola
616 2957 694 3023 data
707 2974 771 3041 est,
790 2960 1057 3048 Archiepiscopus
1072 2960 1104 3024 E
1106 2959 1305 3044 baracensis,

281 3079 365 3162 non,
391 3094 428 3142 ut
450 3093 540 3167 putat
564 3099 703 3157 usuros,
727 3076 1005 3165 Lindufameasts
1023 3075 1089 3166 (2),
1114 3079 1232 3168 quippe
1253 3078 1309 3166 qui

280 3195 456 3278 tredecim,
488 3211 521 3260 et
552 3193 640 3282 quod
673 3195 832 3276 excurrit,
866 3194 955 3258 annis
987 3187 1061 3258 ante
1093 3196 1226 3284 scriptas
1250 3197 1307 3260 has

282 3315 402 3379 Literas
435 3336 454 3377 e
483 3313 548 3376 vita
578 3291 751 3378 discessit(
789 3312 872 3376 Satis
903 3327 1008 3376 autem
1042 3328 1133 3377 certo
1167 3337 1206 3377 ex
1237 3314 1308 3402 ipsa

282 3431 425 3521 Epistola
446 3445 589 3513 constat,
615 3452 686 3494 eam
707 3428 860 3517 scriptam
882 3450 949 3492 esse
970 3445 1106 3494 exeunte
1125 3452 1211 3494 anno
1226 3429 1305 3518 734,

283 3565 339 3613 aut
359 3547 423 3638 735
442 3550 589 3632 ineunte,
611 3546 646 3612 id
667 3564 731 3630 est,
756 3547 846 3611 brevi
866 3561 1012 3633 tempore
1030 3562 1223 3611 ontearum
1240 3546 1307 3612 obi·

285 3681 366 3728 tum.
413 3666 572 3730 Nimirum
601 3666 732 3754 triginta
766 3663 893 3728 circiter
927 3663 1002 3726 anni
1033 3663 1079 3727 ibi
1108 3665 1210 3728 exacti
1239 3685 1307 3728 esse

285 3779 435 3846 dicuntur
458 3796 531 3869 post
552 3797 691 3845 mortem
714 3802 855 3844 struunt
879 3772 993 3869 Regis,
1017 3780 1102 3845 hunc
1126 3803 1204 3845 vero
1222 3802 1308 3845 anno

330 4101 371 4170 (1)
390 4100 511 4154 Seorsum
531 4099 609 4150 etiam
629 4113 685 4150 eom
707 4096 791 4150 edidit
808 4111 911 4150 ustttt.
926 4113 986 4148 cum
1000 4097 1110 4149 adnotat.
1126 4100 1179 4151 8V0.
1193 4097 1305 4150 Parisiis.

294 4197 297 4204 ’
330 4183 372 4254 (2)
392 4183 453 4236 vid.
468 4183 657 4236 ruricula.
673 4201 699 4253 p.
715 4183 767 4238 252
782 4184 810 4234 in
825 4191 883 4234 noto
896 4220 904 4249 ,
916 4192 942 4234 et
955 4182 1025 4236 conf.
1040 4196 1146 4235 trtius.
1161 4184 1191 4235 de
1207 4183 1303 4251 Script.

389 4268 459 4316 Brit.
479 4285 506 4334 p.
524 4267 567 4318 97.
