2909 5392
612 570 654 632 to

124 767 194 817 tam
216 749 322 834 duxit,
352 765 386 816 et
400 749 559 840 praefatus
573 750 710 840 puer(1)
726 750 824 816 dixit:
849 750 984 818 «Adhuc
1003 776 1066 819 una
1078 778 1148 821 sen·

125 869 243 952 tentia,
268 869 419 960 Magister
439 868 576 952 dilecte,
605 893 672 934 non
702 885 750 933 est
773 868 966 960 descripta.»
1002 874 1047 936 At
1071 873 1145 952 itte:

11 977 12 980 ¹
123 985 273 1070 «ascribe,
290 988 410 1074 inquit,
428 988 528 1052 aito.»
550 987 628 1052 Post
644 984 809 1051 modicum
825 984 904 1050 dixit
918 1011 1014 1076 puer:
1027 990 1148 1056 «Modo

122 1107 279 1168 sententia
294 1103 454 1194 descripta
469 1121 536 1170 est»
550 1104 610 1194 (a).
634 1105 679 1168 At
686 1104 765 1168 ille:
784 1107 909 1187 «Bene,
927 1106 1048 1192 inquit,
1066 1109 1149 1172 reri·

11 1211 13 1221 ¹
123 1237 223 1287 tatem
239 1221 362 1290 dixisti:
393 1227 647 1288 consummatum
663 1237 730 1304 est,
751 1222 863 1310 accipe
879 1238 976 1310 caput
992 1247 1100 1288 meum
1112 1224 1148 1288 in

11 1345 13 1353 “
123 1361 235 1404 manns
257 1356 327 1404 tuas
346 1339 413 1429 (3),
439 1340 512 1427 quia
534 1340 668 1404 multum
687 1363 740 1404 me
757 1338 896 1404 delectat
909 1339 1021 1419 sedere
1037 1365 1076 1406 ex
1091 1340 1148 1406 ad·
1242 1339 1245 1342 ⁴

11 1461 12 1472 ¹
121 1479 214 1522 verso
229 1457 305 1549 loeo
319 1473 431 1522 sancto
449 1479 539 1540 meo,
558 1457 594 1522 in
611 1480 675 1544 quo
692 1480 787 1522 orare
802 1458 966 1540 solebam,
985 1474 1021 1522 ut
1037 1475 1071 1523 et
1085 1483 1147 1548 ego

122 1572 236 1640 sedens
252 1575 382 1640 Patrem
398 1598 507 1640 meum
529 1576 681 1638 invocare
702 1576 832 1662 possim
843 1604 856 1630 υ
891 1577 933 1639 Et
948 1577 994 1640 sic
1011 1577 1045 1639 in
1059 1579 1150 1665 pari-

11 1699 15 1729 ²
122 1707 233 1757 mento
251 1715 325 1758 suae
343 1692 468 1756 castulae
484 1691 671 1756 decantans:
692 1689 822 1754 «Gloria
836 1691 942 1774 Patri,
958 1708 992 1756 et
1004 1693 1101 1776 Filio,
1116 1711 1150 1759 et

112 1809 256 1899 ¹Spiritui
281 1809 440 1890 Sancto,»
466 1831 538 1872 cum
568 1807 722 1896 Spiritum
755 1807 910 1890 Sanctum
935 1811 1148 1894 nominasset,

15 1939 18 1952 '
121 1926 269 2016 spiritum
292 1949 310 1990 e
333 1947 470 2014 corpore
492 1925 650 2024 erbalarit
670 1925 837 2007 ultimum,
859 1947 897 1990 ae
913 1926 961 1990 sio
976 1949 1074 2016 regna
1090 1927 1149 1992 mi·

513 2028 517 2038 s

121 2045 224 2134 gravit
242 2042 290 2108 'ad
307 2044 458 2108 eoelestia
476 2041 534 2132 (4).
573 2042 694 2108 Omnes
711 2057 835 2125 autem,
861 2044 914 2130 qui
934 2043 1083 2108 viderunt
1098 2043 1146 2132 (5)

11 2139 30 2188 ³*
121 2160 210 2228 beati
225 2161 327 2226 Patris
344 2162 470 2226 obitum
487 2159 551 2249 (6),
570 2183 733 2248 nunquam
751 2183 785 2224 se
804 2159 920 2224 vidisse
934 2184 1033 2224 unum
1050 2160 1147 2226 alium

121 2280 156 2343 in
171 2293 238 2344 tam
253 2302 369 2368 magna
384 2278 555 2344 devotione
574 2294 669 2366 atque
685 2278 915 2366 tranquillitate
928 2279 1027 2343 vitam
1041 2279 1149 2344 finisse

122 2395 273 2463 dicebant
294 2397 360 2485 (7):
392 2398 484 2484 quia,
512 2399 594 2462 siout
611 2395 743 2477 audisti,
772 2419 936 2483 quomque
957 2399 1063 2462 anima
1081 2401 1149 2484 ejus

122 2516 156 2580 in
167 2537 306 2604 corpore
317 2513 395 2596 fuit,
407 2512 537 2578 «Gloria
549 2514 655 2579 Patri»
669 2529 701 2579 et
714 2513 777 2578 alia
790 2512 947 2600 quaedam
960 2513 1001 2579 ad
1011 2516 1148 2605 gloriam

158 2885 201 2955 (1)
222 2887 294 2936 Puer
317 2882 420 2934 nomine
435 2879 477 2933 W
473 2879 578 2932 ilberett.
613 2878 650 2932 Ita
662 2881 731 2932 varia
745 2880 823 2933 lectio
837 2891 921 2932 notata
936 2892 975 2934 est
988 2880 1057 2951 apud
1071 2897 1148 2950 tra,

226 2978 253 3019 et
267 2983 325 3020 Bss·

158 3051 200 3119 (2)
220 3051 302 3102 Dian
318 3079 353 3090 -
374 3051 504 3116 desnipata
524 3053 570 3098 est.
608 3045 690 3098 Aliter
704 3055 731 3098 et
750 3047 856 3097 oonlusa
870 3047 1008 3100 verborum
1022 3059 1146 3102 structura

126 3169 130 3176 .
165 3131 182 3174 ι’
212 3133 292 3202 apud
312 3147 370 3184 aaa.
409 3132 543 3182 Sententia
560 3130 599 3181 ibi
612 3129 694 3182 deest.
730 3130 779 3181 Pro
794 3130 1025 3186 esthabetratat.
1060 3133 1145 3198 Yetba

224 3221 253 3266 at
267 3216 309 3265 ille
324 3243 359 3258 ι-
373 3216 501 3282 dacripta
515 3219 553 3264 ert
566 3213 644 3283 plane
662 3212 825 3267 exoiderent.

156 3298 199 3367 (3)
220 3299 257 3350 In
271 3313 366 3347 manas
380 3302 441 3346 tuas
455 3296 549 3348 desunt
563 3297 631 3366 apud
648 3312 701 3348 ssa.
716 3299 792 3349 Dan.
880 3307 885 3318 “

142 3381 200 3450 ¹(l)
222 3382 287 3432 Cam
308 3383 431 3446 spiritam
452 3409 487 3420 -
509 3383 637 3432 coelestia·
679 3383 727 3434 Pro
746 3387 923 3447 nominasset,
946 3389 1071 3453 spiritam
1089 3399 1146 3441 m.

223 3462 302 3514 babet
324 3465 473 3526 invocavit,
497 3479 583 3514 mam.
620 3463 746 3518 siaonia
765 3467 830 3518 haee
850 3470 938 3518 omnia
957 3468 1036 3538 longe
1050 3469 1144 3533 aliter,

222 3560 248 3600 et
269 3549 377 3617 quidem
399 3551 451 3598 sie:
486 3548 543 3598 aas
565 3559 662 3614 oetera;
684 3550 807 3601 ultimam
828 3569 862 3603 ex
880 3569 987 3620 eorpora
1015 3552 1146 3604 exhalarit

213 3634 352 3702 spiritum.
390 3630 475 3699 Atque
498 3631 555 3680 sine
580 3631 660 3681 dubio
681 3633 842 3683 eredendum
862 3643 918 3696 eet,
940 3635 1003 3702 quia
1022 3653 1071 3703 pro
1091 3651 1142 3698 eo,

222 3716 294 3784 quod
308 3714 351 3764 bio
370 3729 473 3782 semper
486 3712 670 3764 devotissimus
681 3716 709 3764 in
724 3715 774 3766 Dei
787 3715 908 3768 laudibus
921 3717 1094 3784 laboraverat,
1109 3719 1144 3769 ad

222 3799 315 3870 gaudia
329 3799 517 3852 desideriorum
529 3799 682 3851 coelestium
696 3802 783 3851 anima
796 3803 854 3870 ejus
866 3802 899 3852 ab
910 3802 1010 3871 angelis
1024 3815 1144 3872 portare-

221 3893 272 3934 nn.
282 3901 338 3932 »-
352 3883 405 3934 lloo
421 3893 507 3933 autem
520 3900 604 3933 unum
617 3883 651 3934 de
666 3884 755 3934 multis
770 3884 892 3953 exemplo
908 3887 957 3948 sit,
972 3885 1043 3936 unde
1058 3883 1143 3934 intel-

126 4001 130 4008 ·
223 3965 328 4034 ligetur,
345 3983 398 4035 quo
411 3967 489 4028 medo
503 3965 647 4036 Seriptores
661 3967 769 4036 quidem
782 3978 952 4018 monomenta
963 3969 1143 4034 natiuitatis,

222 4067 288 4118 quae
304 4051 335 4112 ad
353 4067 461 4101 manum
475 4049 617 4112 baberent,
636 4069 683 4118 pro
697 4051 807 4101 oonsilio
821 4067 867 4100 suo
881 4051 1049 4118 corruperint.

155 4133 198 4202 (Β)
222 4135 276 4196 Qut
289 4135 398 4197 audire,
414 4134 455 4182 ael
469 4133 562 4183 videre.
586 4132 648 4184 Lea.
664 4119 712 4199 qni
725 4135 886 4197 oesdtemnt,
899 4140 925 4184 et
937 4135 1070 4188 viderant.
1084 4147 1145 4188 ata,

154 4215 197 4284 (6)
220 4217 326 4268 obitam
342 4231 422 4268 stata
440 4217 534 4266 Patris
547 4219 641 4267 nostri.
659 4216 722 4268 Bra.

155 4299 197 4367 (7)
220 4300 264 4353 Sic
270 4302 365 4368 finisse
378 4301 505 4356 dicebant„
525 4299 587 4355 Lat.
596 4300 689 4367 finitae
703 4300 876 4353 testabantur.
894 4299 958 4352 Bra.
