2909 5392
845 485 865 546 2

348 673 480 750 'eorum‚
501 661 595 753 'quae
618 664 658 728 de
682 685 715 727 se
738 665 806 751 ipse
834 659 965 726 tradidit
990 683 1092 744 suna,
1126 660 1297 750 praecipue
1323 683 1379 726 ra·

351 788 474 850 tionem
493 783 684 866 habeamus,
709 781 909 869 Scriptorum
931 802 1008 844 vero
1032 795 1105 868 post
1129 802 1202 844 eum
1216 781 1381 844 narratio·

354 925 410 967 nes
434 917 467 966 et
488 903 670 967 testimonia
691 901 842 990 colligere
869 915 902 964 et
923 921 997 963 cum
1018 898 1081 962 illis
1100 918 1307 985 comparare,
1334 896 1387 960 di·

355 1021 564 1108 screpantias,
595 1019 651 1082 ubi
674 1016 744 1081 fieri
767 1031 892 1104 potest,
921 1015 1051 1097 tollere,
1073 1029 1127 1078 ant
1153 1012 1231 1101 quid
1256 1013 1298 1078 de
1327 1014 1382 1077 his

352 1134 527 1201 tenendum
551 1136 681 1222 verique
705 1133 902 1200 simillimum
926 1133 983 1215 sit,
1014 1131 1182 1198 ostendere
1206 1154 1378 1197 conemur.

398 1255 468 1318 lam
496 1253 596 1318 deco
618 1251 811 1340 disputatum
830 1267 894 1334 est,
925 1272 1064 1337 quonam
1085 1273 1125 1313 ex
1146 1249 1268 1338 populo
1291 1273 1380 1313 nana

354 1385 442 1434 ortus
465 1371 517 1436 sit.
565 1371 702 1433 Hacron
724 1391 885 1433 marmus
904 1381 1031 1431 narrat:
1056 1367 1202 1430 «Italiam
1226 1389 1300 1431 cum
1320 1367 1384 1430 At-

356 1486 448 1550 bione
477 1485 518 1550 de
549 1508 654 1550 nanas
683 1486 872 1550 incunabilis
904 1483 1119 1565 contendere,
1157 1482 1380 1548 adserentibus

354 1605 446 1667 Italis
472 1604 594 1692 ipsum,
625 1605 756 1668 Gortuae
779 1618 904 1686 natum,
928 1602 975 1666 ibi
992 1599 1128 1688 denique
1147 1602 1291 1666 ultimam
1312 1601 1381 1666 sol·

355 1721 435 1785 visse
464 1737 595 1786 nunnae
626 1722 868 1802 necessitatem,
902 1719 1144 1808 sepulcrumque
1172 1723 1238 1805 ejus
1267 1722 1302 1784 in
1331 1721 1382 1784 rei

356 1835 454 1902 fidem
476 1839 629 1903 hactenus
654 1836 767 1902 eadem
791 1838 826 1900 in
852 1837 981 1901 civitate
1007 1837 1129 1900 manetis
1151 1836 1264 1900 baberi
1284 1858 1383 1900 vene·

357 1956 492 2052 rabile.»
513 1954 614 2021 Addit
626 1971 749 2020 autem:
769 1952 999 2041 «undecunque
1010 1954 1142 2018 traxerit
1153 1953 1328 2042 originem,
1346 1968 1382 2018 et

355 2072 537 2160 ubicunque
562 2088 705 2142 mortuus
725 2073 843 2156 fuerit,
867 2074 942 2138 satis
959 2086 1067 2138 tamen
1087 2087 1234 2138 constare
1251 2093 1293 2136 ex
1311 2074 1379 2157 ejus

355 2205 390 2254 et
408 2189 543 2256 aliorum
563 2190 705 2278 scriptis,
731 2188 968 2257 adolescentem
985 2213 1060 2254 eum
1075 2190 1111 2254 in
1128 2189 1244 2270 Italia,
1268 2211 1378 2254 serrem

353 2305 390 2370 in
403 2306 651 2389 Nerthumbrr'a,
674 2307 869 2394 frequentius
880 2308 965 2374 inter
973 2308 1242 2396 piorumeoetum
1258 2309 1380 2375 Melros

352 2423 527 2510 (Abbatiae
557 2426 853 2514 monachorumque
882 2427 1035 2495 coenobii
1056 2425 1093 2490 id
1122 2449 1244 2491 namen
1275 2442 1321 2492 est
1342 2428 1380 2491 in

355 2539 517 2607 Scotorum
543 2564 636 2630 agro,
671 2543 809 2608 maxime
837 2543 898 2631 piis
924 2558 959 2608 et
982 2543 1131 2632 religioni
1158 2541 1282 2608 darona
1303 2544 1380 2609 viris

357 2680 481 2746 semper
494 2659 636 2749 insignis)
654 2659 831 2743 habitasse,
854 2675 1076 2748 nemetumque
1093 2659 1252 2750 esse»(1).
1286 2661 1379 2727 Hane

398 2866 439 2935 (1)
459 2867 520 2920 Vid.
537 2884 635 2920 nraroa
650 2885 773 2923 sorrnttn
790 2871 963 2922 Detdanannr
977 2873 1005 2922 in
1023 2872 1161 2924 Scotorum
1175 2874 1248 2925 aar.
1263 2890 1280 2924 a
1290 2877 1381 2942 prima

462 2954 550 3015 gentis
570 2955 688 3017 origine,
722 2953 778 3005 Par.
798 2954 877 3006 1571.
899 2953 960 3005 Lib.
981 2953 1026 3005 lx.
1049 2974 1108 3025 pag.
1129 2957 1189 3008 181.
1231 2957 1381 3009 Excitantur

465 3051 570 3102 quoque
583 3035 616 3084 ab
629 3050 652 3086 r.
667 3051 772 3088 wanno
786 3038 815 3086 in
825 3037 909 3088 Praei.
924 3038 956 3088 ad
974 3039 1068 3105 Opaca
1084 3041 1171 3090 Bedae
1184 3039 1380 3105 nubtialem,

465 3131 580 3168 aarum
590 3119 797 3192 Volaterraruta,
816 3123 901 3190 quiin
917 3123 1056 3174 Commeat.
1070 3123 1383 3176 Urbanombib.11V.

467 3198 615 3266 sepulcrum
637 3217 717 3253 stan
742 3205 849 3254 Gennae
870 3206 897 3254 in
920 3206 1006 3254 Italia
1027 3199 1129 3256 ostendi
1150 3207 1241 3269 relert3
1264 3215 1289 3256 et
1304 3205 1381 3274 longe

467 3292 527 3334 aute
550 3299 610 3334 eum
632 3299 755 3338 notamus
776 3287 1042 3353 Angnttodnneneir‚
1068 3290 1113 3356 qni
1134 3287 1332 3340 intumult.
1353 3289 1383 3338 de

470 3368 624 3434 Scripton'b.
633 3370 753 3434 Ecaten,
772 3387 856 3426 aaut:
867 3374 969 3426 Romae
982 3381 1113 3425 mortuum
1125 3381 1154 3422 et
1165 3370 1296 3440 sepultum
1308 3371 1381 3423 dicit.

466 3451 554 3503 Exstat
580 3455 660 3504 etiam
687 3456 798 3505 narratio
823 3456 951 3523 quaedam
972 3455 1006 3506 de
1027 3469 1091 3505 aaut
1112 3455 1213 3504 Romae
1232 3453 1331 3522 sepulto
1353 3454 1383 3502 in

466 3533 573 3588 Basilica
594 3539 743 3601 Vaticana,
768 3539 867 3608 dequo
882 3538 1014 3591 Romanus
1029 3536 1176 3590 &uenient
1189 3553 1210 3587 t.
1224 3533 1303 3586 errat
1313 3535 1381 3608 apud

466 3631 659 3673 nuruumque
678 3623 853 3688 «Reqaiaeit
866 3626 945 3673 mant
957 3628 1018 3674 ante
1028 3627 1136 3688 portam
1150 3625 1317 3684 argenteam,
1335 3620 1383 3670 rab

466 3708 527 3752 rota
547 3707 644 3756 scilieet
651 3707 857 3774 porphyretica,
875 3713 908 3756 nt
922 3723 941 3756 a
953 3708 1053 3758 nostrie
1066 3705 1210 3772 majoribus
1225 3703 1380 3768 accepimns,

469 3784 632 3836 Venerabilis
651 3789 793 3856 Presbyter
812 3802 893 3850 rtur,
918 3791 968 3855 qni
983 3791 1051 3856 feeit
1072 3789 1210 3838 homiliae:
1234 3789 1260 3836 et
1279 3785 1310 3833 ab
1329 3785 1384 3850 ejus

468 3873 636 3920 reverentiam
657 3873 764 3937 antiqui
784 3873 871 3920 nostri
886 3873 995 3937 penitus
1015 3888 1068 3922 non
1087 3869 1238 3921 transibant
1247 3883 1297 3934 per
1309 3881 1381 3929 eam,

466 3965 513 4000 nea
524 3967 572 4002 noa
585 3955 699 4004 transire
705 3955 899 4019 premittebant.
907 3973 923 4002 a
949 3954 1017 4006 Sunt
1030 3965 1057 4006 et
1068 3957 1115 4023 qui
1133 3954 1382 4006 Saxo-aemesam

468 4035 727 4100 enmfnissedieant,
739 4047 799 4086 utr.
808 4051 905 4088 aaran
914 4049 1133 4099 stannaturam,
1148 4036 1216 4106 apud
1224 4048 1379 4097 urrunnun,

468 4115 543 4167 Tam.
558 4118 580 4167 1.
595 4121 696 4170 Rerum
713 4121 933 4197 Germanicarum
947 4139 1007 4190 pag.
1019 4121 1079 4172 809.
1096 4117 1138 4172 Cf.
1152 4134 1224 4171 rana.
1235 4115 1379 4170 Bittltted.

467 4198 527 4248 Aet.
545 4198 605 4250 Vol.
624 4201 645 4251 l.
663 4201 721 4252 Ltb.
737 4202 771 4253 ll.
789 4219 848 4269 pag.
865 4205 926 4257 495.
