2909 5392
649 563 803 634 53'

130 759 257 812 autem
280 750 356 837 ipsis
375 750 505 814 Patrum
529 751 653 830 verbis,
678 772 784 830 nunc,
813 765 847 813 et
867 750 995 836 quidem
1013 751 1177 828 brevitatis

130 885 261 948 causa,
276 869 340 944 suis
351 891 424 932 usus
436 883 493 934 est.
510 868 670 951 Primam,
680 882 715 930 ut
724 869 793 955 ipsa
804 865 1083 951 docetPraefatio‚
1096 891 1179 957 opus

131 985 314 1070 usquead
336 970 499 1074 expulsum
524 1008 542 1049 e
565 983 717 1048 Paradiso
743 977 901 1065 ananan,
926 986 949 1048 i.
969 981 999 1048 c.
1022 985 1177 1050 adfinem

134 1103 265 1189 capitis
290 1105 376 1167 tertii
400 1103 561 1168 Geneseos
583 1101 747 1193 perduxit,
766 1125 856 1190 spem
880 1098 1114 1184 facienofore,
1141 1120 1179 1167 nt

130 1236 223 1305 post
244 1221 439 1286 elaboratam
459 1211 702 1308 Expositionem
723 1221 851 1282 Esdrae
865 1221 1053 1284 inchoatum
1071 1221 1176 1284 absol·

133 1355 250 1404 veret.
267 1340 383 1403 Postea
394 1341 489 1428 igitur
501 1329 639 1404 ¹scribere
655 1333 854 1402 continuavit
865 1339 906 1403 ad
915 1339 998 1404 Gen.
1013 1340 1103 1422 XXI,
1123 1363 1175 1406 10.

188 1457 243 1519 Dc
264 1457 501 1552 Tabernacnlo,
531 1445 564 1520 et
582 1464 674 1520 varis
691 1459 778 1542 ejus,
807 1479 847 1518 ac
870 1457 1013 1520 vestibus
1028 1457 1179 1520 Sacerdo-

138 1583 233 1653 mm,
262 1561 337 1638 libri
359 1575 424 1639 ΙΙΙ.
835 1568 839 1574 ’

193 1692 273 1757 Tres
288 1694 322 1756 hi
342 1693 416 1756 libri
436 1691 566 1779 (carnus
583 1690 665 1755 duos
681 1704 858 1773 memorat,
884 1691 938 1754 alii
960 1693 1110 1780 quatuor)
1130 1694 1177 1757 in-

139 1811 319 1873 veniuntur
330 1811 364 1872 in
377 1809 463 1874 Edit.
479 1809 622 1897 Operum
634 1803 730 1874 Basil.
742 1809 837 1875 Tom.
849 1808 907 1874 IV.
921 1833 956 1897 p.
974 1810 1173 1892 1166-1280,

142 1941 184 1988 et
201 1927 317 1991 Colon.
333 1926 429 1992 Tom.
448 1927 505 1994 nl.
524 1952 557 2016 p.
574 1927 720 2013 838-916
738 1925 797 2016 (1)
845 1927 946 2013 Hujus
962 1928 1070 2015 operis
1086 1951 1176 1992 men·

143 2043 273 2109 tionem
297 2045 375 2109 facit
398 2046 466 2134 ipse
492 2069 576 2109 anni
601 2046 635 2108 in
661 2045 746 2108 libro
772 2044 813 2107 dc
842 2045 971 2132 Templo
995 2067 1176 2110 sunnonis

146 2183 223 2251 cap.
242 2168 285 2242 24
308 2164 342 2228 in
365 2163 448 2247 fine,
469 2165 525 2229 nbi
546 2165 645 2228 libros
668 2164 765 2244 citat,
792 2185 873 2249 quos
898 2163 938 2225 dc
961 2171 1178 2228 exstructione

149 2273 367 2346 Tabernacnlt'
388 2295 422 2345 ct
442 2282 482 2346 dc
499 2280 611 2344 habita
626 2280 819 2344 sacerdotali
834 2281 972 2367 scripsit.
1024 2280 1178 2344 Continet

147 2387 246 2486 igitur
269 2399 323 2462 hic
346 2412 498 2462 tractatus
521 2398 726 2487 allegoricam
748 2397 1045 2482 interpretationem
1058 2397 1177 2461 Taber-

147 2518 255 2580 naculi
283 2521 411 2604 ejusque
436 2516 660 2606 supellectilis,
685 2530 721 2578 ut
745 2530 777 2579 ct
803 2515 933 2578 vestitus
955 2512 1172 2580 sacerdotalis.

149 2631 255 2714 Quam
276 2632 507 2724 interpretandi
525 2632 684 2698 rationem
703 2647 816 2695 auctor
830 2629 976 2695 defendit
987 2653 1087 2695 rrum
1102 2655 1175 2695 rer-

147 2751 214 2834 bis,
238 2774 252 2815 1
272 2753 348 2818 Cor.
366 2752 414 2834 X,
436 2774 487 2834 11,
505 2752 550 2814 ita
566 2751 676 2815 locum
694 2747 851 2813 vertendo
866 2747 1021 2812 reddens:
1038 2749 1175 2813 «Omnia

148 2870 183 2934 in
210 2869 311 2960 figura
338 2870 568 2960 contingebant
592 2861 665 2932 illis'
680 2867 784 2956 (talum
806 2865 1022 2954 συνέβαινον),
1055 2867 1175 2954 scripta

148 3003 223 3052 sunt
257 3004 363 3053 autern
398 3003 531 3078 propter
561 3009 660 3068 nos;»
693 2986 785 3073 eique
815 2980 900 3049 hanc
930 2982 1174 3048 adnotationem

146 3103 316 3192 adjiciens:
354 3106 493 3170 «Omnia
509 3105 659 3171 videlicet
679 3128 746 3182 non
761 3104 866 3168 solnm
883 3103 970 3167 facta
986 3103 1039 3168 vcl
1053 3104 1171 3186 verba,

148 3243 229 3309 quae
249 3222 353 3287 Sacris
372 3223 485 3287 Literis
509 3225 731 3304 continentur,
756 3245 868 3286 verum
890 3223 987 3286 etiam
1005 3221 1172 3302 locorum,

148 3341 369 3420 ethoramm,
407 3355 439 3404 ct
465 3355 648 3430 temporum
676 3341 771 3424 situs,
798 3354 830 3406 et
854 3341 995 3429 ipsarum
1024 3360 1171 3425 quoque,

148 3457 183 3520 in
205 3458 318 3544 quibus
344 3473 432 3549 gesta
453 3459 519 3523 sive
541 3457 627 3524 dicta
655 3474 743 3542 sunt,
774 3458 1010 3522 circumtantia
1033 3479 1173 3521 rerum.»

151 3575 385 3664 complectitur
402 3575 501 3642 ¹liber
534 3577 751 3644 narrationem
784 3576 959 3642 Mosaicam
997 3575 1037 3638 ab
1066 3573 1170 3639 Erod.
1252 3657 1255 3662 .

149 3691 272 3778 XXIV,
301 3715 338 3758 12
363 3693 404 3758 ad
425 3694 536 3777 XXX,
566 3717 619 3760 ar.

192 4132 234 4200 (1)
254 4133 394 4199 Erpa-titio
408 4135 437 4182 in
451 4132 576 4182 Erotium
591 4133 730 4184 aXXIV.
746 4135 829 4200 capite
842 4148 926 4199 nsque
939 4133 976 4184 ad
988 4136 1168 4199 trigesimum,
1247 4193 1255 4206 ,

194 4215 195 4238 ³
250 4215 281 4263 de
298 4213 497 4278 Tubernuculo,
512 4223 561 4266 cet.
574 4244 608 4256 -
622 4213 659 4266 Ita
672 4213 770 4283 legitur
782 4215 812 4266 in
826 4213 951 4284 Ortalogo
964 4231 1031 4270 surr
1053 4220 1109 4273 Sin.
1123 4221 1168 4274 1.1.
1277 4212 1280 4217 ’

248 4295 307 4346 Lib.
327 4295 372 4347 lv.
387 4314 447 4366 pag.
464 4297 523 4349 219.
544 4296 575 4348 A.
