2909 5392
641 532 684 594 91·

150 735 403 784 commemorare
424 714 612 778 curavimus.
660 710 752 792 Quae
780 725 886 776 utrum
907 711 1099 803 negligentia
1121 715 1170 779 in.

149 837 297 926 terpretis
321 835 456 916 omissa,
486 832 537 922 vel
563 831 655 898 aliter
682 829 786 913 dicta,
817 854 859 896 an
882 831 1006 896 incuria
1029 813 1172 898 librario-

150 979 223 1022 rum
249 956 314 1020 sint
338 949 525 1041 depravata,
550 951 615 1016 sire
641 948 770 1031 relicta,
795 948 941 1016 nondum
966 950 1049 1014 scire
1069 952 1174 1040 potui·

149 1096 231 1140 mus.
297 1071 443 1159 Namque
485 1070 643 1136 Graecam
675 1067 838 1156 exemplar
875 1067 971 1134 fuisse
1006 1067 1170 1152 falsatum,

150 1191 302 1280 suspicari
319 1212 386 1256 non
411 1187 532 1271 audeo,
556 1186 642 1254 unde
660 1186 800 1254 lectores
815 1185 992 1269 admoneo,
1017 1201 1054 1250 ut
1071 1187 1173 1270 haec,

150 1311 331 1397 ubicunque
358 1308 546 1391 fecerimus,
573 1307 676 1397 gratia
699 1305 888 1372 eruditionis
912 1305 1014 1396 legat,
1045 1328 1114 1371 nou
1138 1307 1174 1372 in

150 1451 208 1494 suo
239 1444 347 1495 tamen
380 1427 542 1492 volumine
575 1426 662 1492 velut
694 1423 865 1490 emendata
893 1425 1079 1505 interserat,
1114 1425 1177 1490 nisi

150 1545 235 1612 forte
270 1570 315 1613 ea¹
339 1546 373 1611 in
406 1547 522 1612 Latim
557 1542 679 1609 Codice
710 1565 786 1609 suae
816 1541 975 1608 Editionis
1004 1543 1176 1629 unuquitus

151 1664 198 1730 sic
236 1667 444 1752 interpretata
480 1661 668 1750 repererit.»
718 1660 833 1726 Varias
864 1660 922 1724 has
956 1661 1128 1743 lectiones,
1159 1684 1179 1725 a

151 1801 236 1846 arna
264 1795 406 1861 notatas,
430 1778 561 1868 collegit
588 1799 743 1859 uramus,
769 1779 808 1842 in'
824 1777 967 1865 Prologo
986 1776 1028 1842 ad
1047 1778 1090 1843 N.
1112 1778 1174 1861 ll,

151 1898 225 1968 autb
261 1912 409 1964 constare
443 1909 626 1979 autumans,
664 1894 822 1961 Codicem
853 1916 958 1959 aunan
996 1909 1052 1959 aut
1085 1895 1177 1960 illum

153 2017 257 2104 ipsum
290 2037 373 2096 esse,
409 2015 464 2102 qui
493 2013 668 2079 hodienum
698 2014 734 2078 in
766 2013 967 2078 Bibliotheca
997 2014 1177 2080 Bodleiano

159 2132 282 2198 annii
318 2147 477 2214 serretur,
509 2146 563 2196 aut
592 2133 659 2216 ejus
689 2131 785 2220 plane
814 2130 997 2219 gemellum.
1051 2132 1179 2198 «Unum

154 2249 284 2333 saltem,
322 2250 442 2338 inquit,
472 2264 572 2339 erstat
602 2263 865 2332 monumentum,
903 2247 990 2314 unde
1017 2248 1059 2315 de
1090 2266 1180 2316 textu

158 2369 298 2451 Graeco,
345 2368 444 2455 qualis
483 2384 552 2431 tium
589 2366 776 2449 incedebat,
823 2366 996 2453 quidquam
1032 2366 1179 2458 dignosci

154 2485 270 2574 possit,
294 2506 313 2550 e
334 2483 550 2572 Scriptoribue
572 2483 675 2566 enim,
700 2485 756 2570 qui
778 2506 819 2548 eo
840 2498 987 2570 tempore
1005 2481 1176 2567 florebant,

135 2592 239 2668 ¹haud
270 2601 409 2691 reperias
435 2615 562 2689 praeter
591 2622 690 2666 unum
720 2600 914 2684 alterumve,
938 2602 991 2666 cui
1010 2602 1177 2668 verbulum

155 2717 310 2784 exciderit
338 2717 379 2783 de
409 2718 560 2800 Canone,
591 2734 645 2784 aut
674 2733 763 2783 textu
788 2718 937 2808 originali
960 2719 1003 2786 N.
1030 2719 1090 2786 T.»
1115 2721 1177 2809 ().

155 2833 329 2902 Unanimes
360 2836 456 2926 igitur
483 2852 558 2902 sunt
587 2835 769 2925 Scriptores
794 2838 829 2901 in
850 2838 915 2902 hoc
944 2860 1050 2903 aunan
1077 2861 1178 2928 opere

154 2952 332 3037 laudando,
358 2956 476 3043 quippe
507 2977 572 3041 quo
600 2952 688 3020 baud
715 2955 881 3044 rudgnrem
908 2979 969 3045 pro
995 2957 1035 3021 iis
1057 2972 1181 3046 tempo-

155 3073 243 3138 ribus
275 3073 402 3162 linguae
432 3073 585 3155 Latinae,
614 3073 758 3138 Graecae
783 3089 818 3138 et
841 3073 1009 3138 Hebraeae
1032 3075 1181 3164 peritiam

154 3187 343 3254 ostenderit.
390 3188 550 3278 Exemplis
570 3189 759 3278 quibusdam
779 3189 960 3258 docuerunt
977 3216 1132 3260 amorrius
1148 3209 1201 3278 ct¹

157 3329 449 3388 aosunuunnanus,
474 3306 637 3393 quidhoc
659 3309 694 3372 in
715 3331 833 3398 genere
854 3310 1048 3398 praestiterit
1072 3310 1134 3398 (2).

198 3426 346 3514 Epistola
368 3446 473 3488 arnan
494 3425 541 3488 ad
558 3424 722 3492 'uminum

199 3542 333 3608 Notasse
362 3543 417 3608 hie
445 3541 580 3625 sufficit,
609 3544 787 3631 Epistolam
818 3542 860 3607 ad
889 3566 1056 3628 marran,
1086 3567 1183 3634 quam

154 3663 222 3747 jam
250 3660 431 3743 citavimus,
461 3658 582 3760 editam
612 3683 678 3726 esse
696 3684 716 3724 a
733 3684 940 3728 narranaam
960 3663 996 3727 in
1016 3663 1183 3760 Artaleeaks

164 3791 240 3800 ——

205 3839 247 3909 (1)
266 3840 342 3894 Jotr.
357 3853 443 3890 uranu
459 3835 574 3891 Dissert.
589 3839 619 3889 de
633 3839 708 3890 libris
716 3839 754 3892 N.
764 3841 809 3904 T,
829 3841 943 3893 Canania
958 3841 1147 3893 Constitutione
1160 3846 1186 3892 et

261 3921 292 3971 S.
316 3925 402 3971 terias
421 3921 550 3985 historia,
569 3923 709 3991 praemissa
725 3923 796 3975 lldit.
810 3923 845 3976 N.
861 3925 892 3976 T.
908 3924 1182 3994 Graec.Lips.1723.

261 4023 322 4074 pag.
343 4006 387 4056 99.
409 4007 454 4057 n0.
473 4005 656 4058 roua-1027.
692 4005 736 4058 Gf.
749 4021 824 4058 uror.
837 4023 913 4059 arnor
928 4008 1042 4058 Diraert.
1061 4009 1180 4076 critique

263 4104 311 4138 aar
326 4089 362 4139 les
379 4088 465 4139 MSS.
480 4089 516 4138 da
531 4088 568 4140 N.
586 4089 619 4140 Τ.
632 4105 694 4157 pag.
709 4090 763 4154 59,
781 4091 826 4141 69.

200 4168 243 4237 (2)
261 4170 344 4224 siros
359 4172 431 4222 Hae
449 4173 566 4240 Critique
581 4173 624 4224 dea
630 4173 747 4240 princip.
758 4174 897 4228 comeant.
905 4175 925 4228 l.
933 4193 956 4228 o.
964 4193 1024 4245 pag.
1031 4176 1183 4229 ato-am

263 4253 451 4306 llosrruurarn.
467 4254 486 4305 l.
502 4274 524 4306 o.
540 4256 615 4308 Torn.
630 4256 662 4308 V.
678 4274 738 4325 pag.
752 4259 881 4310 att-1⁰2.
