2909 5392
629 525 783 622 3,

128 739 215 806 liber
237 756 285 806 est
302 764 319 804 a
337 761 429 804 roan.
454 761 604 820 srrrvnns,
631 761 715 802 anno
737 738 831 826 1723.
861 738 1000 803 Tertiam
1018 738 1155 826 deniqne

127 858 428 948 interpretationem
452 857 633 946 composuit
662 879 740 920 cun.
766 877 890 938 nuasr,
915 854 1020 923 Lond.
1049 858 1152 940 1814,

126 976 248 1042 eodem
269 977 359 1059 fere,
384 999 421 1041 ac
444 995 697 1057 sarrraroruus,
724 973 890 1061 consilio(
912 972 938 1063 )

177 1094 267 1183 Opus
289 1092 473 1160 dedicatum
494 1109 542 1159 est
558 1115 754 1160 cnorntrrro
767 1092 865 1182 Regi,
887 1107 921 1157 et
939 1114 978 1156 ex
996 1089 1156 1180 Epistola,

128 1209 174 1276 ad
185 1211 276 1278 illum
289 1212 425 1301 scripta,
444 1235 540 1300 quam
552 1211 713 1276 Historiae
728 1233 803 1276 snae
823 1233 907 1274 anns
918 1209 1093 1298 praemisit,
1110 1210 1157 1274 in·

128 1328 302 1419 telligitur,
338 1331 528 1416 quibusnam
565 1331 768 1419 potissimum
795 1329 980 1395 auctoribus
1007 1341 1040 1392 et
1063 1327 1159 1392 fonti·

127 1446 190 1512 bus
223 1469 296 1512 usus
330 1448 382 1514 sit.
430 1449 554 1514 Auctor
584 1465 657 1514 ante
693 1469 805 1512 omnes
839 1461 933 1533 atque
967 1443 1095 1530 adjutor
1127 1443 1158 1508 ei

127 1563 250 1628 exstitit
276 1587 415 1630 acernus
440 1565 570 1648 Abbas,
595 1565 693 1653 ipsius
720 1587 888 1628 rasonoar
914 1563 1158 1651 Archiepiscopi

130 1697 165 1745 et
193 1703 333 1747 enatant
357 1683 491 1748 'Abbatis
518 1681 702 1771 discipulus.
751 1680 898 1762 Quorum
924 1703 973 1746 res
996 1696 1097 1770 gestas
1123 1681 1157 1744 in

131 1798 270 1864 ecclesia
303 1801 548 1864 Cannmriorum
580 1813 613 1864 et
641 1798 784 1864 finitimis
810 1797 993 1889 regionibus
1021 1820 1159 1864 narnus

132 1939 209 1981 cum
237 1939 322 1980 anna
351 1918 622 2000 communicavit,
649 1919 746 1983 misso
778 1916 820 1982 ad
852 1941 926 1982 eum
953 1939 1155 1998 normano,

134 2034 288 2101 ecclesiae
314 2035 529 2100 Londinensr's
556 2035 760 2125 Presbytero.
816 2037 1022 2101 Norastrrus
1046 2051 1159 2126 postea

134 2153 267 2220 Romam
284 2153 448 2242 profectus
461 2153 582 2220 literas
603 2153 755 2242 quasdam
777 2178 939 2220 cnaonrr
959 2154 1158 2241 aliorumque

134 2268 350 2353 Pontificum,
387 2294 465 2358 quas
493 2272 527 2336 in
552 2271 754 2336 Bibliotheca
781 2272 941 2336 Vaticana
972 2272 1156 2354 invenerat,

135 2384 270 2452 domum
300 2405 445 2454 reversus
470 2410 574 2454 sauss
599 2389 691 2477 operi
720 2409 778 2452 sno
803 2386 986 2452 inserendas
1013 2386 1155 2456 tradidit.
1262 2471 1265 2475 ¹
1302 2441 1314 2453 ,,

134 2503 277 2570 Primam
292 2505 389 2594 igitur
404 2504 564 2570 Historiae
584 2527 658 2570 suae
674 2521 815 2594 partem,
833 2528 915 2594 quae
932 2504 1158 2594 complectitur

134 2637 281 2711 tempora
306 2637 381 2688 ante
402 2637 565 2713 receptam
590 2623 625 2687 in
649 2625 772 2712 Anglio
796 2624 985 2713 religionem
1007 2624 1158 2688 Christia-

133 2763 226 2822 Μαι,
250 2763 289 2806 ex
308 2740 539 2827 antiquioribus
557 2743 731 2830 praecipue
746 2741 964 2830 scriptoribus
979 2741 1155 2830 congessit,

135 2858 347 2948 posteriorem
363 2879 440 2924 vero
461 2881 501 2922 ex
516 2857 689 2925 traditione
710 2874 744 2926 et
763 2860 959 2947 aequalium,
975 2861 1030 2948 qui
1046 2859 1158 2926 Eccle-

135 2975 199 3042 siae
226 2975 382 3066 praefecti
409 2992 519 3059 erant,
545 2977 789 3042 'narrationibus
813 2994 847 3043 et
867 2978 1058 3043 testimoniis
1071 2965 1158 3042 'con-

135 3095 246 3161 texuit.
293 3094 453 3160 Laborem
484 3117 570 3160 anno
596 3095 658 3184 731
686 3095 890 3179 absolutum,
927 3093 1045 3161 deinde
1078 3117 1157 3160 vero

133 3209 175 3276 nd
203 3212 327 3278 calcem
352 3212 458 3300 operis
494 3213 666 3302 Epitomen
700 3213 861 3301 quandam
891 3212 1155 3301 chronologicam

134 3326 313 3414 adjectam,
338 3351 399 3396 nec
428 3344 535 3396 tamen
560 3327 601 3396 ab
630 3332 701 3419 ipso
729 3354 814 3396 nana
837 3331 921 3396 ultra
948 3353 1067 3396 annum
1090 3327 1156 3417 734

135 3444 346 3533 productam,
372 3445 429 3513 sed
448 3449 621 3514 recentiori
644 3471 741 3514 manu
763 3448 804 3514 ad
830 3472 948 3514 annum
967 3470 1068 3534 usque
1089 3445 1155 3535 766

135 3562 352 3629 continuatam
380 3587 465 3649 esse,
499 3587 593 3653 supra
616 3568 683 3652 jam
711 3566 863 3649 diximus,
892 3580 925 3632 et
956 3589 997 3632 ex
1026 3558 1170 3654 optimis*

141 3745 486 3760 *κω-να·

177 3863 219 3932 (1)
239 3862 301 3915 vid.
316 3863 400 3916 Pracf.
419 3862 502 3915 «This
517 3865 671 3934 interesting
684 3865 736 3916 and
750 3864 978 3934 edilyingllistory
992 3864 1021 3916 oi
1032 3862 1077 3915 the
1086 3879 1154 3914 con·

237 3947 340 4000 version
354 3948 383 4000 oi
395 3963 443 3998 our
456 3965 516 4002 own
530 3959 637 4016 country
651 3958 676 4000 to
689 3946 860 4016 Christianity
873 3946 924 3998 lies
936 3945 1074 3998 concesled
1086 3944 1153 3995 horn

237 4029 281 4081 the
296 4029 451 4098 knowledge
466 4029 495 4080 of
508 4040 575 4081 most
589 4031 699 4099 people‚
718 4031 794 4095 who,
804 4031 959 4094 ‹therefore,
978 4046 1020 4080 arc
1034 4029 1155 4097 ignorant

238 4114 267 4166 oi
284 4112 329 4166 the
351 4125 406 4166 tanc
422 4123 512 4166 nature
527 4113 555 4164 of
569 4112 624 4164 that
637 4113 769 4181 religion,
787 4113 875 4170 which
889 4131 936 4166 our
950 4104 1078 4164 ancestors
1091 4129 1156 4182 pro-

239 4199 342 4264 lessed,
368 4200 418 4250 and
435 4200 550 4267 imagine
566 4197 620 4249 that
635 4199 655 4249 it
668 4213 721 4250 was
735 4197 779 4249 the
795 4215 884 4263 same,
903 4199 932 4248 in
945 4214 1023 4264 every
1036 4206 1154 4264 respect,

239 4300 265 4333 as
280 4281 333 4334 thot
348 4281 437 4337 which
452 4283 498 4334 has
517 4283 585 4337 been
601 4281 754 4335 introduced
767 4282 863 4350 during
878 4280 922 4334 the
937 4281 985 4333 last
998 4280 1159 4332 centuries.»

943 4379 990 4444 ,r
