2909 5392
629 551 686 614 101

144 723 318 789 obnoxium
333 743 427 806 esset,
453 741 560 790 utrum
582 730 693 794 revera
713 753 733 793 a
749 753 832 794 unna
848 733 985 819 profecti
1002 735 1082 817 sint,
1107 759 1168 800 nec

143 865 202 925 nc,
223 843 378 928 ejusmodi
393 847 500 909 tamen
518 860 591 910 suut
608 849 752 934 generis,
768 863 804 912 ut
817 852 917 938 magis
934 853 1167 939 exercitationis

144 983 237 1025 causa
263 984 282 1026 a
310 985 393 1025 oros
416 964 554 1048 juvenc,
592 978 644 1026 aut
672 963 805 1029 fortasse
836 965 933 1029 etiam
964 970 1168 1054 provectiore

143 1077 245 1142 aetate
268 1078 303 1140 in
329 1079 420 1142 u'sum
446 1077 606 1164 studiosae
630 1082 821 1173 juventutis,
841 1087 938 1168 quain
953 1105 994 1146 eo
1011 1085 1166 1167 consilio,

141 1193 176 1258 u't
191 1196 369 1283 posteritati
386 1194 606 1278 traderentur,
632 1198 742 1285 scripti
761 1221 828 1262 esse
846 1197 1025 1265 videantur.
1059 1198 1168 1280 Quare

141 1335 197 1378 eos
212 1313 274 1400 rin·¹
285 1313 442 1401 Operibus
458 1319 562 1378 annun
584 1311 785 1378 adnumerari
801 1321 895 1402 posse
912 1317 1103 1399 existimem,
1121 1319 1166 1380 uti

140 1431 204 1495 hoc
219 1431 260 1495 ab
276 1431 346 1518 ipso
364 1432 461 1496 ctiam
480 1446 611 1496 auctore
628 1431 749 1496 factum
766 1439 834 1496 nou
851 1455 918 1498 esse
933 1431 1082 1500 vidimus.

186 1545 363 1634 Adjicimns
385 1572 471 1613 nunc
488 1564 580 1614 notas
598 1547 759 1636 quasdam
769 1548 810 1614 de
827 1548 941 1614 ordine
956 1565 990 1614 et
1003 1566 1168 1638 tempore,
1235 1630 1237 1633 Ι

141 1688 206 1754 quo
227 1689 310 1730 snus
332 1665 513 1755 scripserit,
544 1665 652 1753 prouti
670 1664 744 1729 illae
762 1687 802 1730 ex
822 1665 919 1754 ip‘sius
937 1667 1086 1754 operibus
1102 1668 1167 1732 col·

140 1782 197 1872 ligi
218 1797 362 1870 possunt.
939 1860 943 1866 ἱ

187 1897 369 1964 Secundum
385 1900 452 1984 ejus
466 1899 683 1962 narrationem
699 1897 797 1988 igitur
808 1892 972 1981 novimus,
990 1921 1064 1964 eum
1078 1922 1167 1988 prae·

143 2017 237 2106 cipue
260 2031 333 2104 post
355 2015 552 2080 tricesimum
575 2017 843 2099 aetatis'annum,
870 2018 894 2084 i.
914 2040 944 2084 e.
966 2018 1009 2082 A.
1033 2040 1096 2104 7⁰¹
1114 2017 1168 2082 vel

144 2155 209 2222 70²
238 2133 360 2214 libros,
392 2116 454 2220 qui'
473 2134 507 2196 in
534 2131 643 2198 Indice
668 2147 907 2216 memorantur,
937 2134 1164 2221 composuisse.

140 2252 185 2316 Et
195 2251 255 2316 hos
271 2250 400 2339 quidem
413 2249 566 2340 deinceps
580 2250 620 2315 ab
637 2273 677 2316 eo
692 2250 830 2339 scriptos
844 2251 1094 2339 essereperimus
1104 2273 1112 2316 :
1124 2287 1167 2304 -

139 2487 269 2553 Desitu
285 2487 378 2552 urbis'
389 2486 634 2572 Hierosolymis,
650 2486 717 2549 sive
735 2484 777 2550 de
792 2485 873 2550 locis
889 2486 1016 2551 sanctis.

232 2604 332 2669 Paulo
363 2619 438 2692 post
471 2627 587 2670 annum
619 2626 681 2690 7⁰¹
712 2602 765 2668 vel
795 2625 859 2690 7⁰²
888 2603 942 2666 hic
975 2601 1103 2668 libellus
1129 2626 1168 2668 ex

277 2715 449 2786 domam
472 2720 627 2808 opusculo
646 2734 816 2808 ,excerptus
835 2742 905 2815 *esse
922 2717 1061 2785 videtur.
1088 2719 1164 2786 Vid.

276 2861 356 2926 quae
369 2838 566 2920 notavimus,
579 2860 653 2928 pag.
665 2838 721 2923 98.
737 2838 920 2935 «Epitoma,
941 2835 1029 2925 quod
1045 2836 1167 2904 dudum

276 2957 411 3020 strictim
427 2955 672 3043 excerpsimus.»
689 2957 775 3022 Hisi.
786 2955 877 3022 Eccl.
889 2955 961 3022 Lib.
972 2954 1014 3020 V.
1026 2978 1098 3044 cap.
1114 2956 1164 3020 18.

141 3074 193 3139 De
207 3071 328 3139 Natura
342 3073 499 3156 Rerum.'

143 3190 193 3256 De
210 3189 438 3279 Temporibus,
456 3189 538 3254 liber
554 3191 672 3255 minor.

232 3308 357 3372 Finitur
380 3308 491 3394 quinto
508 3286 634 3374 rrnrnrr
652 3308 708 3376 III.
733 3309 938 3398 Imperatoris
962 3330 1067 3390 anno,
1092 3309 1115 3373 i.
1134 3333 1164 3374 e.

276 3425 319 3488 A.
339 3445 402 3510 701
422 3424 474 3490 vel
496 3447 572 3512 702.
604 3425 672 3490 «De
692 3425 813 3490 Natura
833 3427 954 3490 Rerum
974 3441 1008 3492 et
1029 3426 1167 3491 Ratione

278 3541 474 3630 'l'empomm
497 3540 576 3607 duos
598 3542 761 3630 quondam
784 3545 895 3609 stricto
912 3567 1060 3609 sermone
1076 3545 1168 3611 libel·

275 3659 325 3724 los
354 3660 554 3748 composui.»
595 3661 700 3726 Praei.
731 3659 772 3726 ad
797 3661 914 3726 librum
947 3664 1103 3749 majorem
1126 3663 1167 3726 de

280 3777 497 3864 Temporibus.

141 3895 284 3982 Epistola
301 3894 531 3984 Apologetica,
553 3892 663 3959 deser
680 3895 835 3959 aetatibus
851 3896 961 3960 seculi.

230 4011 355 4100 Scripta
378 4027 424 4076 est
445 4035 530 4076 anno
551 4035 627 4099 707·
659 4012 873 4100 quusculum
891 4036 998 4078 meum
1015 4011 1055 4076 de
1071 4013 1165 4080 Teut-

273 4131 424 4217 poribus,
449 4128 535 4216 quod
552 4145 625 4196 ante
647 4130 897 4216 quinquennium
916 4130 1034 4196 edidi.»
1056 4133 1162 4220 Epist.

273 4247 408 4334 Apobag.
426 4271 459 4335 p.
478 4253 540 4326 242
559 4247 644 4322 Edit,
662 4270 839 4314 wuanron.
