2909 5392
604 507 620 574 ⁵

97 715 199 777 nens,
230 697 353 760 Scotino
379 694 607 782 propinquum.
656 692 754 782 Plaga
785 694 862 758 olim
892 710 924 760 et
949 715 1043 760 suave
1069 699 1121 762 ha-

95 811 234 876 lantibus
266 810 533 876 monasteriorum
565 809 696 886 floribus
727 808 850 892 duleis,
885 827 918 876 et
944 813 1071 877 urbium
1101 837 1122 878 a

96 918 247 992 Romanis
271 927 509 995 aedificatarum
538 927 725 1015 frequentia¹
746 925 913 1009 renidens3
948 953 1034 994 nunc
1068 931 1121 994 vel

90 1043 223 1132 antiquo
250 1047 416 1109 Danorum
449 1044 514 1108 vel·
528 1044 650 1123 reuenti
677 1045 936 1110 Nonnunnorum
962 1046 1120 1133 populatu

93 1159 194 1243 nihil,
226 1160 313 1250 quod
344 1161 480 1226 multum
514 1161 637 1224 animos
664 1160 804 1243 alliciat,
828 1160 1019 1249 praetendit.
1067 1163 1120 1226 Ibi

95 1291 143 1342 est
168 1281 281 1362 Wira,
303 1302 364 1344 nec
399 1301 517 1368 egenae
548 1275 744 1360 latitudinis,
780 1300 841 1342 nec
863 1280 966 1368 segnis
988 1279 1120 1368 gurgitis

93 1395 212 1478 omnis,
233 1397 291 1482 ‘qui
313 1396 428 1484 pelago
448 1393 563 1458 influus
586 1415 699 1476 naves,
724 1417 837 1460 serena
856 1397 1002 1461 invectas
1022 1419 1115 1478 aurs,

91 1509 220 1599 placido
242 1513 301 1576 otii
321 1511 438 1602 excipit
456 1511 591 1604 gremio.
620 1509 735 1598 ‘Cujus
754 1527 902 1600 utrasque
922 1515 1006 1602 ripas
1023 1536 1117 1577 enrr-

92 1651 207 1696 nimus
220 1630 350 1719 quidun
366 1631 507 1696 eeclesiis
526 1629 707 1718 insignivit,
729 1644 762 1693 et
780 1629 974 1694 monasteria
994 1628 1118 1694 ibidem

92 1749 288 1830 construxit,
313 1747 449 1814 alterum
472 1767 583 1829 rurus,
607 1745 743 1809 alterum
764 1767 863 1809 reum
884 1747 1035 1829 nomine,
1067 1769 1117 1811 cu·

88 1849 190 1928 sitatis
219 1880 251 1928 et
282 1863 409 1952 regulae
438 1849 558 1927 unione
585 1885 652 1927 non
674 1839 919 1951 'discrepantim
946 1861 1006 1952 (1).
1060 1863 1115 1928 Sic

87 1981 156 2047 iile.
202 1981 302 2045 Terra
322 1995 444 2064 autem,
469 2003 565 2069 quam
587 1997 766 2063 memorat,
791 1980 945 2068 pertinuit
961 1979 1003 2044 nd
1023 1980 1113 2046 illam

88 2079 303 2189 Heptarchiae
328 2097 613 2186 Angla-Saxonum
634 2099 822 2187 regionem,
855 2093 937 2186 quae
963 2097 1113 2166 Norden-

88 2215 246 2280 Humbria
267 2216 334 2279 sive
355 2215 586 2282 Nerthumbria
606 2198 788 2281 dicebatur.¹
831 2214 871 2277 Et
888 2217 953 2278 hoe
982 2213 1112 2301 quidem

87 2349 210 2421 septem
238 2355 410 2422 regnorum
443 2333 617 2398 maximum
655 2347 743 2415 erat,
767 2332 876 2420 ‚inque
903 2329 979 2396 duas
1006 2347 1112 2421 partes

87 2452 246 2535 majores,
278 2451 410 2514 Deiram
437 2466 532 2537 atque
557 2451 764 2532 Bernieiam,
798 2449 954 2514 divisum:
989 2452 1113 2515 ambitu

86 2589 145 2632 suo
168 2589 243 2650 sex,
267 2580 303 2630 ut
323 2589 409 2630 nunc
430 2581 523 2648 sunt,
548 2567 688 2654 Anglioe
711 2542 880 2630 comitatus
903 2565 949 2654 (2)
974 2582 1110 2655 partem-

85 2708 147 2773 que
159 2685 283 2749 Seotiae
303 2681 478 2748 hodiernae
495 2701 595 2770 nsque
614 2681 656 2746 ed
670 2682 789 2748 fretum
799 2683 1044 2772 Edinburgense
1060 2683 1108 2771 (3)

83 2802 369 2891 complectebatur.
416 2799 587 2887 Utriusque
615 2801 821 2888 provinciae,
856 2815 950 2865 antea
982 2801 1107 2866 duobus

69 2919 210 3009 'regibus
230 2919 414 3004 subjectae,
438 2939 573 3006 regnum
595 2917 759 3002 conjunxit
781 2938 918 2999 oswius,
946 2919 996 2982 cui
1021 2941 1107 2984 auno

73 3037 148 3124 ‘⁶7⁰
178 3035 330 3101 successit
353 3057 512 3100 nonninus
538 3033 621 3099 filius
645 3033 705 3124 (4)
730 3096 734 3102 ,
758 3033 881 3116 Quarto
905 3016 996 3122 hujus
1022 3036 1105 3126 regis

80 3175 167 3220 anno
192 3175 340 3218 msuorus
360 3150 509 3240 qnidam,
533 3151 724 3241 cognomine
746 3173 944 3219 innumerus
959 3151 1024 3239 (5),
1048 3151 1103 3218 ad·

117 3479 160 3548 (1)
180 3477 245 3530 Get.
259 3475 396 3528 mamert.
409 3473 442 3526 de
460 3475 546 3525 Gestis
560 3473 663 3540 Requm
676 3474 831 3539 Anglorum
844 3472 904 3524 Lib.
917 3473 939 3524 Ι.
949 3473 981 3526 0.
988 3475 1015 3526 3.
1022 3492 1050 3544 p.
1059 3475 1101 3526 21.

66 3583 71 3590 ·
183 3563 212 3612 in
228 3558 291 3611 coit.
310 3559 407 3625 Scrtpt.
418 3557 602 3625 potiBedaem.

114 3645 157 3712 (2)
177 3642 433 3704 Nerthumberiaiid,
467 3639 610 3703 Durium,
646 3640 837 3705 Cimberium,
871 3640 1100 3707 Waetimorcland,

186 3726 343 3788 inretire,
362 3724 532 3776 Loncuiiire.

65 3829 68 3841 ·
113 3809 157 3878 (3)
178 3807 328 3876 Antiquitus
355 3807 486 3858 Bodotria
512 3806 703 3868 asinarium,
736 3805 816 3857 bodie
848 3807 929 3857 Fritii
956 3808 990 3873 os
1014 3807 1099 3858 Fortis

181 3892 288 3942 dietum.
322 3919 325 3926 ·
695 3893 698 3896 ’

114 3976 156 4044 (i)
176 3975 243 4028 Gut.
266 3973 401 4024 Mulmesi.
421 3973 454 4024 de
480 3974 552 4024 Gesi.
572 3974 640 4037 Reg.
664 3973 748 4038 Angi.
769 3972 828 4023 Lib.
843 3973 866 4024 1.
882 3971 914 4024 G.
933 3972 961 4023 3.
978 3989 1038 4041 pag.
1053 3972 1096 4024 20.

181 4071 245 4106 esui
260 4056 333 4108 Εἰσὶ.
348 4056 422 4106 Eccl.
437 4055 468 4104 L.
483 4055 528 4105 IV.
544 4055 576 4105 C.
590 4059 617 4106 5.
632 4073 691 4122 pag.
706 4058 750 4107 88.
765 4055 842 4124 oper.
857 4055 933 4107 Tem.
947 4055 994 4107 ΠΙ.

111 4141 153 4209 (ὅ)
174 4139 244 4190 Bene
263 4138 461 4208 distinguendus
481 4155 495 4188 s
515 4139 615 4189 notiore
627 4138 676 4188 illo
690 4153 832 4190 strumoso
846 4139 984 4201 Nursina,
1003 4141 1095 4207 quiin

177 4234 264 4276 monte
283 4224 429 4275 Carrinensi
442 4238 510 4271 anno
524 4221 576 4273 529
586 4237 684 4272 notum
697 4220 880 4272 mumebomm
894 4219 1012 4273 ordinem
1026 4238 1094 4271 eon-
