2909 5392
790 562 853 624 100

306 753 365 808 nus
387 755 419 804 et
438 760 534 804 tortis
559 737 716 803 Homilt‘as
740 753 863 802 tantum
888 759 1008 820 annua,
1034 740 1217 826 neutiquam
1242 739 1330 804 com·

306 847 496 923 meritorium
520 856 571 920 vel
596 857 859 945 Expositionem,
890 872 1087 937 memorent,
1118 855 1228 944 quidni
1250 858 1331 920 haec

307 974 450 1039 desumta
467 995 534 1038 esse
549 989 695 1062 putemus
711 996 749 1037 ex
764 973 840 1060 ipsis
853 973 946 1058 hujus
962 973 1022 1036 viri
1038 972 1213 1036 Homiliis?
1244 972 1330 1036 Hine

307 1115 422 1180 nempe
434 1091 527 1155 facile
541 1091 681 1178 irrepere
693 1104 867 1176 potuerunt
880 1090 913 1152 in
923 1090 1215 1172 Commentarium,
1235 1111 1331 1176 quem

306 1208 472 1273 Editiones
488 1207 625 1288 habent,
651 1206 789 1293 quisquis
806 1210 872 1291 ejus
894 1221 1006 1270 auctor
1022 1205 1097 1288 fuit,
1121 1221 1153 1271 et
1167 1204 1330 1269 undecun-

308 1349 369 1413 que
398 1347 455 1388 sua
480 1322 676 1411 compilavit.
731 1323 919 1406 Praeterea,
950 1326 1196 1412 Expositionem
1221 1323 1329 1405 illam,

308 1439 500 1530 quamquam
527 1418 630 1503 annun
659 1461 778 1503 nomen
804 1440 885 1503 falso
912 1439 1026 1523 ferret,
1057 1439 1239 1504 mirandum
1265 1462 1333 1503 non

309 1578 372 1644 est,
396 1583 414 1623 a
436 1582 518 1624 rora
539 1580 644 1622 πως
663 1558 820 1620 tributum
840 1579 908 1621 esse
920 1557 994 1645 (1).
1027 1556 1185 1643 Equidem
1202 1579 1333 1645 prorsus

309 1699 425 1764 negare
445 1697 511 1740 non
534 1675 650 1754 ausim,
675 1674 793 1738 librum
815 1696 834 1736 a
855 1697 939 1738 unna
959 1673 1144 1762 profectum
1159 1696 1245 1756 esse,
1271 1695 1333 1738 nee

309 1809 417 1858 tamen
441 1807 635 1881 'argumenta
660 1807 693 1854 et
718 1792 873 1872 rationes,
907 1814 988 1878 quae
1014 1791 1049 1855 in
1073 1790 1214 1856 medium
1238 1790 1333 1855 allata

309 1925 400 1992 sunt,
435 1909 541 1973 valere
574 1908 753 1996 putaverim
780 1906 822 1972 ad
852 1931 926 1974 eum
952 1924 1118 1973 auctorem
1145 1905 1332 1973 dicendum.

309 2027 350 2090 Et
374 2027 409 2089 in
434 2041 520 2089 tanta
544 2047 801 2113 operumunnnan
827 2026 922 2114 copia
947 2041 980 2090 et
1001 2026 1154 2090 varietate
1174 2040 1332 2113 praestat,

310 2167 349 2210 ex
371 2159 482 2208 nostro
508 2159 594 2208 certe
613 2142 754 2230 judicio,
779 2144 900 2207 cautius
921 2142 1118 2226 discernere,
1144 2167 1238 2230 quani
1259 2165 1333 2232 spu·

310 2261 358 2326 ria
395 2259 570 2323 admiscere
606 2260 761 2347 genuinis.
815 2260 967 2324 Ceterum
997 2261 1143 2325 eontinet
1169 2262 1223 2325 hic
1250 2262 1335 2327 liber

311 2377 551 2459 adnotationes,
583 2399 623 2440 ex
646 2397 830 2442 tuousrnto
860 2376 1013 2458 maxime,
1047 2393 1212 2466 excerptas
1239 2393 1272 2442 et
1299 2379 1334 2442 in

312 2492 541 2583 compendium
568 2492 747 2596 redactas„
760 2493 885 2558 insertis
903 2495 1029 2583 passim
1050 2495 1185 2560 aliorum
1204 2495 1336 2560 Patrum

310 2610 484 2676 sententiis.
523 2612 525 2620 ’

714 2767 926 2792 ψ

333 2947 546 3033 1Βεοθηεὶοηὶ
570 2987 704 3056 operum
730 2989 749 3032 a
773 2991 857 3033 unna
882 2971 1137 3060 conscriptorum
1162 2972 1259 3038 finem
1280 2973 1335 3039 hic

311 3085 541 3174 imponendum
562 3108 630 3151 esse
651 3085 810 3154 duximus.
858 3088 1143 3156 Praetermittimus
1159 3094 1263 3157 varios
1278 3094 1337 3157 mi·

311 3201 398 3265 noris
421 3200 572 3289 ponderis
598 3203 764 3268 Tractatus
785 3220 818 3269 et
839 3206 994 3291 Libellos,
1021 3208 1092 3293 qui,
1116 3212 1182 3294 ejus
1204 3211 1334 3275 nomine

313 3318 475 3408 inscripti,
503 3321 569 3384 sive
591 3321 676 3385 inter
700 3338 807 3386 cetera
828 3324 925 3410 ipsius
949 3347 1066 3412 opera,
1090 3349 1145 3389 seu
1165 3329 1336 3414 separatim

311 3437 347 3501 in
366 3436 473 3502 lucem
490 3440 643 3502 exierunt.
679 3439 774 3502 Enim
790 3463 892 3522 vero,
913 3441 1007 3506 sivel
1022 3443 1126 3506 minus
1142 3443 1336 3508 dubitationi
1383 3419 1387 3424 ¹

355 3767 398 3842 (1)
416 3772 557 3824 Neminem
580 3772 659 3824 latere
680 3784 781 3842 potest,
806 3781 933 3841 quantum
955 3775 1047 3827 habeat
1064 3776 1190 3829 cautionis
1204 3780 1334 3847 ejusmodi

417 3855 575 3925 Scriptorum
595 3858 783 3908 testimonium.
817 3857 879 3920 Sio,
905 3868 933 3908 ut
952 3875 1035 3909 uuum
1049 3859 1083 3910 de
1098 3860 1188 3912 multis
1202 3861 1334 3928 adieram,

418 3953 559 3991 rustinus
580 3939 639 3990 Lib.
661 3939 707 3990 lv.
728 3956 752 3990 c.
767 3940 801 3990 39
823 3951 848 3990 et
862 3941 893 3991 41
917 3941 977 3990 citat
992 3956 1072 3993 arou
1088 3941 1186 3993 librum
1199 3945 1230 3994 de
1245 3947 1300 3995 vita
1312 3959 1334 3997 s.

416 4037 571 4072 currantur.
606 4021 692 4072 Verba
707 4039 786 4084 vem,
812 4039 877 4090 quae
894 4023 1028 4087 adducit„
1043 4026 1072 4073 in
1086 4037 1178 4080 neutra
1191 4026 1270 4095 hujus
1284 4029 1334 4078 tiri

415 4103 490 4165 Vita,
514 4121 528 4152 a
552 4120 613 4154 ntor
636 4106 796 4172 conscripta,
819 4105 958 4173 leguntur,
984 4118 1010 4156 at
1031 4109 1060 4157 in
1075 4126 1104 4158 ea
1120 4115 1234 4172 tantum,
1250 4127 1330 4178 quam

415 4204 557 4256 anonymus
576 4187 684 4255 quidam
701 4188 844 4240 monachus
858 4191 1087 4258 Linditfarnemit
1101 4193 1182 4244 tribus
1194 4194 1269 4245 libris
1280 4231 1290 4259 ,
1303 4194 1334 4244 iu

415 4271 491 4320 Actis
512 4271 670 4322 Sanctorum
687 4271 719 4322 ad
738 4290 856 4324 mensem
874 4273 945 4326 Mart.
963 4276 1059 4341 editis,
1078 4279 1228 4346 composuit.
1258 4342 1260 4345 Ι
