2909 5392
313 794 365 862 Ad
388 793 548 875 Iudicem,
583 816 602 860 a
627 815 711 858 auos
738 793 938 890 coniectum,
960 797 1175 863 recensuimm
1205 821 1290 865 nunc

269 915 370 982 libros
402 938 476 981 oum
509 913 684 1004 genuinos,
720 927 790 978 tum
819 914 962 1002 spurios,
995 917 1050 1004 qui
1073 939 1194 982 nomen
1226 920 1293 1004 ejus

267 1050 393 1124 gerunt.
440 1034 568 1117 Restat,
592 1048 628 1097 ut
651 1031 806 1098 nonnulla
825 1055 1012 1100 moneamus
1036 1033 1078 1100 de
1103 1030 1292 1124 quibusdam

268 1151 352 1236 aliis,
384 1153 430 1216 ibi
459 1150 588 1240 quidem
613 1175 680 1218 non
711 1153 913 1235 memoratis,
950 1152 1006 1218 sed
1039 1155 1157 1243 procul
1185 1153 1292 1222 ,dubio

203 1273 204 1276 ’
269 1287 378 1338 tamen
403 1295 422 1336 a
444 1293 528 1336 rans
550 1271 714 1360 profectis.
762 1271 947 1360 Principem
968 1272 1079 1338 locum
1100 1272 1257 1337 habeaott

313 1393 564 1456 Retruotationes
578 1399 612 1453 ia
627 1392 730 1455 Actus
745 1391 980 1478 Apostolorum.

315 1508 383 1592 Has
404 1509 530 1597 scripsit
545 1511 613 1595 jam
628 1529 724 1572 senex
736 1506 833 1594 paulo
849 1522 924 1595 post
936 1529 1054 1570 annum
1066 1495 1143 1594 ᾖδε.
1168 1503 1295 1571 Adsunt

269 1627 303 1691 in
317 1649 421 1691 ranas
433 1625 606 1714 Operibus,
621 1622 708 1688 Edit.
723 1623 819 1688 Basil.
835 1623 995 1688 TomVI.
1015 1647 1049 1712 p.
1063 1622 1157 1710 1·39‚
1175 1623 1292 1688 Golon.

269 1744 365 1810 Tem.
381 1743 438 1808 VI.
461 1765 495 1831 p.
519 1741 607 1806 1-28.
654 1742 692 1806 In
715 1746 779 1829 quo
803 1741 889 1806 libro
907 1739 1082 1806 condendo
1103 1756 1229 1807 secuurs
1248 1757 1297 1806 est

271 1862 452 1952 exemplum
465 1882 661 1942 auausrmr,
682 1860 755 1947 qui,
778 1881 891 1940 senex,
914 1859 1013 1924 libros
1026 1861 1296 1924 Reuactationum

269 1983 303 2045 in
331 1979 484 2069 opuscula
513 1977 689 2067 quaedam,
719 2001 800 2066 quae
828 1979 953 2064 juvenis
974 1978 1162 2068 scripserat,
1186 2001 1296 2044 emen·

271 2097 369 2164 dandi
403 2094 604 2185 addendique
636 2119 731 2161 causa
757 2086 981 2185 composuerat
1006 2095 1067 2186 (1)
1120 2096 1223 2192 Multa
1237 2097 1295 2161 'in-

271 2239 366 2306 super
393 2215 497 2280 critioi
523 2231 556 2280 et
582 2215 782 2304 grammatici
808 2217 934 2304 generis
962 2214 1097 2302 adjecit,
1122 2214 1211 2303 quod
1232 2237 1294 2305 pro

271 2350 435 2422 tempore,
471 2355 535 2421 quo
551 2363 553 2366 ·
567 2331 661 2414 vixit,
689 2354 884 2420 magnopere
914 2331 1110 2398 laudandum
1133 2349 1193 2400 est.
1239 2333 1297 2398 Ni-

272 2452 390 2528 mirum
424 2450 459 2515 in
493 2471 604 2514 manus
646 2449 677 2514 ei
711 2448 798 2514 forte
828 2447 986 2514 inciderat
1016 2447 1129 2514 Codex
1157 2450 1299 2516 Graccus

273 2571 414 2634 Aotuum
443 2568 673 2656 Apostolorum
699 2582 915 2656 pervetustus,
944 2583 978 2632 et
1007 2590 1027 2631 a
1046 2584 1178 2657 recepta
1202 2571 1298 2635 inter·

272 2687 454 2777 pretatione
487 2687 604 2774 passim
635 2683 835 2773 discrepans,
869 2707 934 2772 quo
961 2708 1037 2750 cum
1064 2667 1154 2750 textu
1176 2687 1299 2776 vadgari

274 2808 392 2872 Latino
420 2819 569 2870 accurate
598 2803 719 2869 collato
749 2804 907 2870 variantes
934 2804 1090 2869 lectiones
1115 2804 1295 2890 adnotavit,

276 2925 338 2992 hac
374 2939 481 2990 tamen
517 2923 665 2988 cautione
702 2920 827 2988 addita:
871 2920 985 3004 «Quae
1017 2923 1052 2988 in
1084 2923 1207 2989 Graeco
1233 2925 1300 2990 sive

274 3042 385 3124 aliter,
423 3063 479 3106 seu
515 3041 586 3130 plus
625 3056 679 3106 aut
706 3042 811 3106 minus
840 3043 945 3130 posita
971 3041 1124 3126 vidimus,
1159 3043 1299 3110 breviter

320 3301 364 3371 (1)
384 3299 518 3370 Quomodo
540 3315 599 3356 suos
621 3299 784 3367 aliorumque
804 3317 905 3353 errores
925 3305 1083 3370 correxerit,
1108 3303 1301 3375 intelligimus,

383 3404 409 3440 e.
423 3405 450 3455 g.
465 3402 499 3436 ex
511 3383 677 3436 adnotatione
692 3386 725 3436 ad
738 3388 796 3438 Act.
810 3385 841 3449 1,
857 3386 892 3455 ¹³.
906 3397 933 3438 et
946 3387 1020 3451 vm,
1037 3389 1065 3440 1.
1100 3388 1301 3458 Ethioquidem

382 3468 512 3521 mendacii
533 3467 663 3536 redarguit
684 3467 861 3537 scriptorem,
884 3471 931 3538 qui
952 3470 980 3520 in
1000 3471 1068 3522 libro
1082 3473 1112 3522 de
1126 3474 1199 3523 obitu
1213 3475 1303 3525 beatae

386 3554 529 3605 Genetricis
545 3551 613 3615 Dei,
632 3553 740 3602 nomine
756 3565 902 3615 numeru,
915 3552 1037 3623 Episcopi
1053 3556 1145 3619 Asiae,
1164 3557 1300 3626 inscripto,

384 3638 493 3690 insulsas
511 3637 636 3706 quasdam
656 3637 757 3688 fabulas
778 3635 875 3689 retulit.
910 3637 1001 3688 «Haec
1020 3637 1081 3690 ideo
1099 3649 1302 3693 commemorare

351 3747 357 3754 ³
382 3725 490 3786 curari,
513 3724 617 3792 inquit,
636 3725 698 3790 quia
713 3720 854 3774 nonnullos
869 3722 929 3773 nori
944 3721 1057 3790 praefato
1071 3722 1199 3774 volumini
1214 3735 1303 3776 corma

384 3805 558 3856 auctoritatem
584 3805 654 3856 beati
677 3819 756 3856 soon
778 3805 880 3855 incauta
901 3806 1043 3856 temeritate
1063 3805 1203 3856 adsensum
1224 3824 1305 3876 prae·

386 3887 484 3940 bere.»
503 3905 563 3958 pag.
583 3890 627 3940 16.
664 3888 715 3940 «si
735 3888 775 3940 les
792 3887 908 3951 moines,
928 3887 1017 3938 scribit
1033 3902 1166 3952 strenus,
1185 3889 1231 3957 qui
1247 3899 1304 3941 sont

387 3981 490 4022 auteurs
504 3970 541 4022 de
553 3971 578 4022 la
591 3972 695 4041 plupart
707 3972 754 4023 des
768 3971 908 4034 munires,
922 3970 1140 4040 principalement
1153 3973 1187 4024 de
1200 3972 1305 4026 l’Oeei-

386 4056 469 4119 dent,
496 4057 598 4107 avaient
617 4059 658 4108 dte
681 4059 782 4108 animes
801 4057 834 4106 de
856 4067 897 4107 cet
916 4059 1013 4126 esprit,
1032 4075 1098 4110 nous
1111 4058 1247 4112 n’aurions
1259 4077 1306 4128 pas

390 4139 560 4210 auj0urd’hui
576 4151 629 4192 tant
643 4142 676 4194 de
691 4141 774 4194 fables
788 4141 852 4194 dans
866 4158 914 4194 nos
927 4141 1015 4194 liures.
1024 4162 1039 4192 r
1064 4142 1095 4194 L.
1111 4145 1154 4196 eit.
1170 4142 1244 4197 tom.
1258 4143 1305 4196 111.

388 4223 474 4292 Chap.
488 4225 532 4277 tt.
546 4242 605 4293 pag.
619 4225 680 4278 342.
