2909 5392
623 511 665 578 tt

30 688 40 726 ¹³
134 692 199 760 kim
227 695 342 785 thearf
361 718 418 780 sy,
455 706 486 758 to
510 693 689 782 gehiggene
720 715 779 755 aer
806 691 857 756 Itis
883 692 1004 756 huonon
1027 715 1156 782 gange,

30 805 56 847 Γ
134 813 221 878 lewet
240 813 291 893 leis
302 825 396 900 gatte
411 809 514 914 godes
533 805 641 874 otdtlle
656 811 764 896 yueles
780 809 885 897 aefter
902 811 1017 876 deutha
1036 813 1157 876 leonen

30 927 36 966 ¹
134 930 249 1020 demeti
270 930 402 997 wurtlze.
450 927 547 1010 Quod
568 930 613 992 ita
639 927 751 992 Latine
778 942 889 991 sonat:
925 929 1028 993 «Ante
1052 951 1159 994 neees-

135 1048 254 1110 sarium
272 1047 391 1112 exitum
408 1045 614 1134 prudentior,
642 1067 738 1132 quam
756 1067 837 1133 opus
856 1044 970 1126 fuerit,
990 1044 1089 1109 nemo
1109 1071 1159 1111 ex·

133 1165 217 1229 istit:
248 1165 290 1229 ad
308 1164 514 1254 cogitandum
536 1161 704 1247 videlieet,
723 1161 894 1249 antequam
915 1163 992 1226 hine
1013 1162 1159 1251 proficis·

30 1309 32 1321 ·
134 1297 226 1346 cutm
249 1283 374 1364 anima,
406 1281 481 1369 quid
508 1282 586 1346 boni
607 1281 658 1346 vel
680 1275 758 1344 mali
780 1281 901 1370 egerit,
927 1280 1064 1368 qualiter
1085 1297 1159 1370 post

131 1399 251 1462 exitum
270 1395 443 1484 judicanda
467 1397 583 1462 fuerit»
600 1395 660 1486 (1).
709 1399 867 1462 Cantabat
885 1398 982 1462 etiam
999 1398 1159 1486 Antipho·

131 1501 188 1578 nas
207 1513 383 1578 secundnm
406 1529 549 1580 nostram
571 1513 836 1580 consuetudinem
857 1513 904 1602 (α)
932 1531 964 1578 et
988 1516 1055 1596 sui,
1082 1539 1158 1602 qua-

131 1653 204 1696 rum
239 1655 303 1697 una
337 1648 400 1698 estt
448 1631 499 1696 «Ο
533 1633 601 1696 Rex
630 1629 771 1720 gloriae,
805 1631 945 1696 Domine
977 1633 1155 1718 virtutum,

134 1750 188 1836 qui
222 1749 436 1838 triumphator
465 1746 563 1812 hodie
578 1825 580 1829 ι
595 1771 690 1836 snper
728 1770 840 1813 omnes
875 1749 986 1814 coelos
1023 1751 1156 1818 adscen-

133 1866 228 1950 disti,
254 1889 295 1930 ne
318 1863 520 1952 derelinquas
540 1889 600 1930 nos
627 1867 807 1955 orphanos,
832 1865 890 1931 sed
911 1867 1003 1932 mitte
1024 1869 1159 1956 promis·

133 2007 202 2049 sum
224 1983 327 2048 Patris
348 1983 382 2047 in
403 2006 463 2048 nos
483 1983 637 2072 Spiritum
649 1984 809 2067 veritatis,
832 1984 1005 2070 Alleluia.»
1048 1986 1091 2050 Et
1110 1984 1159 2075 (3)

133 2123 209 2166 utun
239 2102 378 2166 venisset
406 2100 446 2166 ad
478 2101 559 2166 illud
584 2103 736 2166 verbum:
771 2125 835 2166 «ne
867 2101 1070 2190 derelinquas
1098 2126 1158 2169 nos

132 2221 314 2310 orphanos»
333 2220 400 2310 (4),
429 2221 577 2310 prorupit
598 2221 632 2284 in
651 2220 828 2309 lacrymas,
853 2236 886 2284 et
905 2220 1042 2284 multum
1056 2219 1157 2288 llevit.

84 2395 90 2403 .
131 2339 174 2402 Et
196 2354 270 2428 post
292 2339 406 2404 horam
433 2339 542 2426 coepit
563 2354 731 2427 repetere,
760 2359 841 2424 quae
860 2338 1070 2403 inchoaverat
1095 2338 1156 2428 (5).

134 2457 177 2520 Et
203 2457 283 2520 haec
313 2477 372 2520 nos
397 2453 560 2519 audientes
588 2454 725 2518 luximus
757 2477 830 2518 curn
853 2453 913 2518 illo
931 2452 993 2542 (6)
1046 2456 1159 2521 Altera

133 2575 206 2638 viae
234 2574 387 2664 legimus,
425 2573 524 2637 altera
550 2573 764 2662 ploravimus,
798 2572 899 2637 immo
926 2595 1056 2662 semper
1083 2598 1158 2639 cum

134 2689 211 2756 fletu
245 2691 391 2781 legimus.
448 2691 490 2770 ln·
524 2690 579 2754 tali
618 2689 741 2753 laetitia
775 2690 1079 2780 quinquagesimales
1108 2690 1156 2780 (7)

134 2809 203 2874 dies
223 2806 381 2896 usquead
401 2807 486 2873 diem
507 2808 684 2896 praefatum
706 2805 872 2890 duximus,
895 2822 928 2872 et
945 2808 1001 2873 ille
1020 2810 1157 2876 multum

133 2924 313 3016 gaudebat,
335 2927 469 3013 Deoque
493 2927 609 3016 gratias
632 2925 749 3014 agebat
768 2923 831 3013 (8),
854 2925 929 3012 quia
959 2926 1006 2990 sie
1030 2929 1159 2993 meruis-

172 3138 214 3207 (Ι)
234 3137 373 3190 Nonnulla
393 3138 462 3188 dixit
473 3166 509 3178 -
516 3138 665 3205 judicando
681 3139 780 3206 fuerit.
804 3137 983 3190 Diuidermtnr
993 3137 1058 3190 haee
1071 3139 1160 3191 omnia

243 3223 312 3293 apud
326 3237 402 3287 utu,
420 3222 467 3272 ubi
482 3239 530 3290 pro
542 3222 597 3273 illis
611 3221 778 3273 substitutum
791 3231 844 3272 est:
864 3223 957 3295 dicent
965 3228 1023 3273 erat
1033 3223 1063 3274 de
1077 3225 1159 3273 terri·

240 3307 288 3358 bili
294 3309 366 3356 exitu
379 3309 530 3356 animarum
543 3321 556 3356 e
568 3321 683 3372 corpore.
703 3305 753 3358 Pro
765 3307 1161 3372 nonnulla-ojelotttmnut

238 3399 341 3441 tantum
358 3387 438 3440 hebet
458 3391 535 3440 dixit.
570 3389 665 3442 Itidem
686 3389 805 3444 Latinam
819 3389 1163 3460 interpretationemquod

234 3475 274 3526 ito
286 3502 322 3514 -
331 3473 422 3540 fuerit
433 3474 531 3526 omisit.

169 3556 212 3626 (2)
231 3555 280 3608 Pro
302 3555 444 3606 tenendum
465 3561 585 3606 nostram
606 3559 818 3608 consuetudinem
831 3573 888 3610 tut.
902 3568 929 3610 et
943 3574 1001 3610 uta.
1015 3557 1114 3610 bahem
1127 3557 1159 3609 ob

235 3643 354 3688 nostram
372 3638 582 3690 consolationem.
619 3639 667 3690 Pro
682 3642 802 3708 sequenti
817 3645 860 3692 tui
873 3657 932 3695 utu.
946 3657 1031 3694 matu.

154 3737 156 3742 ’
171 3722 214 3791 (8)
238 3724 290 3786 Qui
303 3722 481 3786 triumphator
493 3737 576 3790 nuque
590 3722 623 3774 ad
637 3727 663 3773 et
672 3722 769 3776 desunt
781 3725 851 3794 apud
866 3739 925 3776 utu.

169 3811 212 3880 (l)
235 3811 373 3878 Orphanos
385 3810 459 3861 de'e‘st
473 3810 542 3879 apud
556 3825 614 3862 tm.

173 3896 217 3966 (ὅ)
236 3897 277 3946 Et
289 3900 327 3946 tic
337 3913 387 3963 per
401 3901 485 3948 totum
498 3897 566 3948 diem
573 3897 710 3965 faciebat,
729 3896 802 3948 addit
815 3912 874 3948 m.

169 3977 212 4046 (6)
232 3978 405 4040 Etfleut'mus
418 3977 491 4029 addit
503 3994 561 4030 nan.

168 4061 212 4129 (7)
236 4063 489 4126 Quadragesimaleu.
506 4076 563 4112 utu.

168 4145 211 4214 (8)
234 4147 349 4198 Govitus
363 4151 401 4198 est
414 4151 439 4196 et
449 4145 506 4196 Deo
518 4147 626 4210 gratius
640 4145 777 4212 auferebat.
807 4145 870 4196 Bm.
884 4143 1028 4210 Referebat
1041 4144 1070 4194 iu
1083 4157 1158 4210 teqq.

196 4297 197 4300 Ἴ
239 4230 309 4300 apud
322 4247 384 4286 enm
397 4231 477 4284 de‘e'st.
1049 4259 1051 4261 ·
