2909 5392
815 513 858 574 66

324 695 411 757 nime
424 693 660 782 obtemperasse
673 689 820 778 uidentur
835 692 959 757 librarii
973 694 1032 782 (1).
1080 693 1175 759 Unde
1189 698 1341 783 sequitur,

323 834 478 901 perquam
501 809 633 876 difficile
649 809 738 875 dictu
757 833 842 895 esse,
863 835 1017 899 quaenam
1037 814 1162 904 abipso
1176 825 1347 904 nnnt'pro-

323 929 428 1012 fecta,
454 951 609 1018 quaenam
633 931 674 996 ab
698 929 767 994 aliis
789 928 934 994 desumta
956 932 1031 997 sint.

368 1050 409 1112 In
430 1049 641 1136 Evangelium
664 1070 789 1131 suess,
815 1048 890 1114 libri
914 1051 973 1116 VJ.

368 1165 419 1231 De
448 1167 498 1231 his
527 1166 636 1249 libris,
668 1167 720 1254 qui
752 1167 862 1231 inserti
894 1184 968 1232 sunt
999 1168 1099 1257 Oper.
1132 1167 1219 1234 Edit.
1251 1168 1346 1233 Basil.

324 1283 420 1352 Tom.
450 1281 492 1352 V.
524 1307 559 1374 p.
589 1282 751 1372 175·515,
783 1283 900 1349 Colon.
930 1285 1025 1350 Tom.
1052 1285 1094 1351 V.
1121 1309 1156 1374 p.
1182 1283 1348 1368 ari-451,

325 1403 438 1469 eadem
462 1398 746 1466 animadvertenda
771 1417 859 1484 sunt,
881 1425 963 1489 quae
988 1401 1030 1466 ‹ie
1056 1403 1291 1468 Commentario
1317 1409 1350 1465 in

325 1541 465 1587 manerat
498 1521 690 1584 notavimus.
737 1517 907 1584 Praecedit
935 1535 1041 1584 autem
1069 1520 1351 1608 Epistularum

326 1637 495 1727 Episcopi,
518 1638 551 1702 in
576 1658 637 1724 qua
660 1657 765 1700 ranan
790 1635 888 1700 dubia
916 1637 1061 1702 moventi
1081 1637 1242 1720 occurrit,
1265 1644 1353 1702 eum·

326 1777 390 1844 que
399 1767 528 1820 strenue
537 1753 711 1838 admonet,
720 1768 760 1817 »ut
771 1754 1098 1842 po'stEreposits'ortem
1112 1755 1252 1818 Acutum
1267 1755 1354 1844 Apo·

325 1875 477 1938 stolorum
498 1874 533 1936 in
546 1894 658 1941 auctir
674 1893 803 1960 quoque
819 1871 955 1953 scribat,
965 1874 968 1879 ’
978 1872 1140 1958 simulque.
1151 1895 1225 1936 eum
1242 1885 1353 1960 rogat,

325 2005 364 2054 ut
385 2011 455 2055 suas
476 1991 596 2056 Literas
619 1990 704 2054 libro
727 1989 942 2079 praemittat,
956 2011 977 2053 e
997 1988 1114 2076 quibus
1136 2011 1214 2053 vera
1238 2011 1351 2072 eausa,

326 2109 373 2173 ob
409 2131 504 2195 quam
534 2131 613 2197 opus
647 2128 811 2198 aggressus
845 2106 908 2188 sit,
948 2107 1047 2170 cuivis
1085 2106 1204 2196 legenti
1230 2121 1350 2196 patent.

328 2226 441 2313 Neque
463 2228 568 2309 enim,
594 2227 656 2307 ait,
675 2226 787 2290 amieis
804 2223 1033 2311 Fratribusque
1048 2247 1176 2310 monem
1193 2241 1352 2314 gesserat,

326 2341 362 2410 ut
382 2365 539 2409 ants-nostr
562 2343 782 2430 aliorumque,
805 2340 924 2430 quide
945 2343 1258 2430 transcripserant,
1286 2341 1353 2407 lam

327 2459 402 2527 dem
426 2461 487 2526 sibi
512 2475 670 2542 sumeret,
705 2477 762 2533 aut
791 2460 831 2524 iis
857 2459 992 2524 meliora
1018 2458 1060 2524 de
1087 2483 1147 2524 suo
1173 2459 1352 2548 proferret,

326 2599 438 2644 rerum
454 2592 504 2661 ut,
528 2599 609 2665 quae
630 2578 671 2642 ab
694 2576 763 2642 aliis
787 2593 842 2642 sut
861 2577 1024 2642 sublimius
1039 2593 1095 2642 aut
1115 2578 1283 2664 obseres-ins
1304 2601 1354 2644 es·

326 2711 398 2762 sent
422 2695 525 2779 dieta,
547 2697 629 2762 haee
652 2696 840 2785 simpliciori
863 2696 947 2784 stylo
971 2712 1172 2785 proponeret
1192 2711 1227 2759 et
1245 2696 1353 2785 expli·

327 2830 427 2880 earet.
474 2814 620 2901 Denique
653 2813 1187 2903 seon1asnsesignifieat,·eum
1213 2813 1249 2876 in
1273 2836 1351 2878 non·

327 2933 489 2996 nullorum
515 2931 798 3021 reprehensionem
820 2930 985 3015 insidiate,
1010 2931 1099 3020 quod
1118 2953 1238 3005 novam
1258 2933 1351 3020 ¹Apo-

328 3050 492 3138 ealypseos
516 3047 815 3140 interpretationem
840 3063 966 3139 seeuuts
988 3028 1056 3114 esse
1078 3047 1251 3113 viderentr.
1297 3047 1351 3112 Aa

327 3167 408 3233 haee
436 3189 520 3231 aros
544 3168 737 3236 amicissimo
752 3165 862 3232 modo·
875 3165 1066 3256 respondet,
1088 3166 1197 3231 statim
1213 3165 1353 3256 'diligem

326 3302 394 3352 tem
424 3287 515 3374 operi
544 3307 675 3351 manum
698 3285 889 3370 admovens,
914 3286 1075 3372 «in-quo,
1098 3285 1226 3372 inquit,
1244 3300 1284 3348 ut
1307 3285 1353 3348 in·

326 3425 460 3470 numera
473 3405 669 3469 monasticae
684 3406 845 3470 semiustis
859 3404 1042 3469 retinaoula-
1049 3419 1266 3492 praeteream,
1283 3402 1352 3492 ipse
1449 3396 1450 3409 ¹

327 3523 406 3587 mihi
428 3521 570 3588 dictator
589 3519 699 3605 simul,
722 3524 887 3606 notarius,
907 3517 946 3588 'et
965 3521 1114 3587 librarius
1133 3521 1271 3587 exstiti.»

371 3633 566 3706 ‘omitterem
587 3641 776 3730 Evangelii,
802 3640 877 3705 ltbrt
898 3640 945 3706 tl.
978 3637 981 3641 ’
1266 3642 1268 3645 ’

373 3757 439 3822 Has
453 3753 610 3823 Romilius
628 3757 739 3825 laudat
758 3781 951 3827 aontrsurus
966 3760 1002 3823 in
1017 3757 1160 3848 Epistola
1175 3755 1216 3827 ad
1230 3777 1350 3823 mun·

328 3891 416 3960 runt,
440 3869 635 3967 Episcopum
652 3880 684 3942 E
687 3873 904 3961 baracensem,
930 3887 1028 3967 quem
1042 3893 1152 3968 rogat,
1173 3892 1211 3942 ut
1225 3875 1352 3940 mittere

344 4195 346 4202 ν
372 4166 414 4234 (1)
434 4165 477 4218 Gf.
499 4181 572 4218 tter.
589 4179 665 4217 suot
681 4165 800 4214 Histoire
818 4163 936 4228 Critique
951 4162 995 4212 des
1005 4130 1168 4227 prinoipem
1184 4125 1351 4212 &semme-¹·

434 4254 505 4299 teters
520 4250 555 4298 du
570 4249 606 4298 N.
624 4249 656 4298 T.
670 4247 753 4314 Ohup.
768 4247 811 4298 24.
824 4263 885 4314 pag.
900 4246 960 4298 340.
