2909 5392
605 565 642 626 21

106 737 185 803 inde
214 754 360 830 tempore
388 741 535 806 docuisse
557 759 723 826 narretur,
749 746 880 833 quisque
900 746 1006 829 videt,
1038 772 1132 836 quam

106 855 194 922 male
216 857 297 922 haec
316 856 472 947 quadrent
493 860 527 922 in
547 860 644 948 ipsius
665 861 726 926 viri
747 864 948 949 testimonia,
980 888 1061 954 quae
1081 889 1133 931 su·

104 995 167 1063 pra
201 975 372 1041 attulimus.
421 975 532 1058 Quid?
563 976 650 1066 quod
684 979 753 1066 ipsa
784 978 863 1062 illa,
888 1003 970 1067 quae
999 985 1132 1066 citatur,

105 1112 224 1158 anama
248 1091 290 1158 ad
313 1091 586 1183 &naamanin
609 1095 770 1184 Epistola,
791 1111 824 1161 et
847 1117 951 1160 saura
971 1099 1132 1188 magistri,

106 1231 127 1274 a
152 1209 270 1276 scholis
293 1209 475 1296 recessuri,
491 1211 533 1277 ad
553 1211 727 1302 discipulos
751 1214 952 1297 exhortatio,
974 1213 1049 1280 lucc
1066 1215 1133 1281 cla·

106 1327 174 1392 rius
194 1325 366 1394 ostendunt
381 1330 459 1394 salsa
476 1330 575 1412 veris,
599 1335 706 1419 spuria
722 1332 867 1421 genuinis
884 1353 952 1396 esse
963 1331 1134 1399 immixta?

104 1443 284 1532 Epistulam
317 1446 404 1510 enim
438 1445 480 1514 ad
506 1445 647 1530 literas,
683 1471 762 1536 quas
794 1471 933 1514 aramus
965 1451 1132 1516 monacbis

107 1563 157 1628 W
154 1561 419 1628 tremutltenstbur
438 1562 580 1652 scripsit,
600 1565 854 1630 exhortationem
876 1587 956 1630 vero
972 1565 1015 1628 ad
1028 1587 1137 1632 narra·

104 1679 229 1746 tionem
246 1679 417 1770 quamdam
435 1703 638 1763 curassem,
655 1681 803 1770 discipuli
818 1703 942 1765 anun,
957 1682 1132 1750 confictam

104 1820 195 1880 esse,
220 1800 294 1864 satis
321 1814 410 1864 certo
433 1798 513 1862 mibi
536 1813 662 1862 constat
684 1797 698 1886 (
718 1799 746 1888 )

150 1911 242 1980 Bam
262 1914 379 2004 igiuu,
408 1917 551 2003 quamvis
577 1939 739 2004 nunquam
763 1918 886 2004 patriae
912 1917 993 1984 fines
1021 1941 1132 1986 exces-

105 2033 204 2116 sisse,
228 2055 290 2099 nec
319 2027 393 2098 cum
416 2033 485 2098 ullo
507 2033 647 2099 munere
662 2034 796 2124 publico
817 2035 1021 2124 tranquillam
1044 2038 1134 2113 vitae

106 2151 303 2216 monasticae
323 2149 545 2216 conditionem
569 2165 708 2218 mutasse
728 2151 890 2236 uidimus,
915 2149 999 2219 adeo
1021 2171 1131 2220 tamen

104 2269 140 2333 in
164 2270 350 2334 monasterii
371 2267 542 2336 solitudine
566 2293 600 2336 se
622 2269 827 2336 abscondisse
848 2287 882 2336 et
906 2272 996 2359 quasi
1019 2273 1133 2361 sepub-

105 2386 187 2452 viase
208 2383 433 2454 existimandus
451 2385 520 2452 non
540 2385 607 2468 est,
631 2403 668 2451 ut
685 2389 863 2452 arniccrum
882 2388 1080 2454 commercio
1098 2405 1134 2455 et

105 2504 268 2570 societatis
299 2527 357 2568 usu
387 2503 483 2593 plane
517 2505 702 2570 abstineret.
748 2506 859 2570 Exstat
888 2520 976 2571 certe
1000 2507 1072 2592 ejus.
1089 2505 1131 2571 ad

105 2641 284 2686 mnarum
296 2621 481 2685 Antistitem
496 2621 638 2708 Epistola
648 2669 662 2704 ‚,
684 2644 722 2686 ex
735 2644 799 2710 qua
811 2638 960 2711 apparet,
977 2645 1052 2690 eum
1071 2628 1133 2713 per

106 2737 174 2806 dies
201 2737 344 2828 aliquot,
369 2737 413 2804 ob
441 2760 612 2804 commune
643 2738 771 2828 legendi
794 2738 954 2823 sardium,
986 2741 1022 2804 in
1046 2739 1132 2806 illius

106 2853 301 2922 monasterio
323 2855 467 2921 Eboraci
490 2870 745 2938 commoratum,
769 2870 864 2943 atque
888 2857 930 2921 ab
951 2857 1058 2922 arnico
1080 2859 1132 2923 in·

105 2974 240 3040 vitamm
272 2995 355 3058 esse,
388 2989 424 3037 ut
452 2971 757 3060 sequentiquoque
785 2993 871 3037 anuo
902 2972 1132 3056 confabulandi

105 3112 201 3170 causa
223 3093 258 3156 in
280 3089 418 3156 eundem
439 3090 549 3156 locum
571 3089 737 3156 deveniret
759 3089 820 3177 (a).
867 3090 927 3153 Cani
949 3091 1132 3173 imitationi

108 3210 276 3300 quominus
300 3209 509 3290 satisfaceret,
534 3205 701 3295 impedivit
722 3229 796 3270 eum
814 3204 958 3290 infirma,
985 3230 1047 3295 qua
1063 3211 1130 3294 jam

107 3343 183 3396 tuno
201 3327 424 3416 premebatur,
448 3325 592 3412 corporis
614 3321 785 3408 valetudo,
807 3323 907 3388 missis
925 3341 1034 3403 tamen
1049 3325 1132 3391 Lite·

105 3447 148 3512 ris
168 3442 360 3511 desiderium
378 3445 426 3509 sui
444 3443 565 3510 lenivit.
602 3440 774 3507 'Inciderat
789 3464 907 3530 nempe
921 3443 957 3506 iu
974 3440 1131 3528 ejusmodi

107 3732 113 3742 ..
141 3689 184 3759 (1)
204 3689 242 3742 De
254 3691 372 3759 utrisque
385 3691 453 3742 infra
467 3707 514 3742 suo
528 3689 585 3743 loco
599 3689 726 3742 dicemus.

140 3773 184 3844 (2)
204 3775 287 3826 Bran
296 3776 385 3841 Epist.
395 3776 430 3826 ad
437 3776 584 3840 Egberntm
594 3777 696 3826 Aruitt.
704 3775 839 3828 editabr.
848 3785 954 3825 veruo
961 3769 1042 3824 butt.
1051 3770 1129 3834 teet,

208 3857 316 3924 repetita
329 3856 363 3908 ab
378 3871 406 3908 u.
418 3871 559 3910 nutarem
573 3857 659 3910 bend.
674 3858 752 3923 ttae,
767 3868 794 3909 at
806 3876 822 3908 a
834 3869 914 3912 sutas
926 3856 956 3906 in
968 3853 1040 3906 Edit.
1055 3852 1131 3905 Cau-

107 3985 110 3994 ,
208 3936 273 3989 tabr.
292 3936 378 4000 1722,
396 3937 456 3988 init.
490 3936 584 3990 Simile
604 3938 669 4006 quid
689 3939 787 4008 legitur
800 3940 830 3990 iu
842 3937 960 4006 Epistola
974 3938 1006 3988 de
1021 3937 1129 4003 Aequi-

208 4023 294 4074 noctio
309 4020 342 4070 ad
357 4033 515 4072 ntorum
530 4023 633 4090 scripta,
649 4023 676 4074 ln
693 4039 756 4089 qua,
772 4037 896 4074 «mentor
909 4019 1090 4072 familiaritatis
1104 4031 1131 4072 et

204 4103 376 4167 dulcedinis,
394 4104 491 4170 quibus
504 4103 551 4154 ille
565 4121 593 4154 ee
608 4115 771 4173 susceperat,
786 4105 982 4172 quaestimm,
994 4105 1036 4152 cui
1050 4120 1131 4171 prac-

207 4204 276 4254 sens¹
290 4187 402 4238 breviter
416 4186 598 4254 responderat,
618 4188 675 4254 jam
695 4186 775 4238 latius
791 4185 930 4254 explanate
948 4183 1129 4252 aggreditur.»

208 4269 288 4340 Opes.
303 4271 372 4324 Edit.
387 4271 482 4324 Gelon.
496 4271 556 4324 vol.
569 4272 603 4323 ll.
619 4288 680 4339 pap.
695 4271 757 4321 230.
806 4299 809 4303 ν
