2909 5392
807 532 850 606 3'2

310 723 378 810 jam
400 725 474 788 satis
494 720 578 812 apud
593 743 704 786 omncs
725 737 862 786 constat.
903 721 1024 784 Contra
1039 742 1135 808 quam
1149 716 1344 786 sententiam

314 865 411 930 quum
426 841 562 920 manime
578 857 719 928 pugnare
734 837 921 920 videantur,
940 861 1020 925 quae
1036 838 1162 926 scripsit
1177 860 1344 902 nicomas

314 957 505 1038 Cardinalis,
525 956 627 1021 verbo
647 957 700 1020 hic
720 959 788 1041 ejus
804 979 895 1020 error
909 954 1068 1021 notandus
1085 971 1144 1020 est.
1180 955 1345 1020 Nimirum

311 1076 345 1140 in
361 1073 549 1140 mendosum
565 1075 727 1162 Epistulae
743 1097 930 1138 carnarum
944 1074 1101 1140 inciderat
1115 1073 1289 1161 exemplar,
1308 1074 1348 1137 in

304 1215 376 1279 'quo
386 1193 526 1288 legeret,
542 1213 682 1258 annana
696 1194 762 1257 rita
775 1194 925 1282 migrasse
940 1194 1079 1282 septimo
1092 1191 1146 1256 die
1161 1190 1236 1256 Idus
1249 1191 1345 1276 Majt

312 1311 382 1374 lam
397 1311 461 1374 hoc
481 1309 533 1374 die
550 1311 754 1374 Ascensionis
769 1311 884 1374 festum
901 1311 1099 1375 celebratum
1117 1331 1185 1375 non
1207 1326 1279 1372 esse·
1298 1307 1347 1372 vi·

312 1425 408 1508 dens,
432 1427 493 1490 nisi
512 1449 596 1488 anno
623 1448 706 1512 720,
731 1451 796 1512 quo
812 1426 917 1492 adhuc
934 1428 969 1490 in
977 1427 1061 1490 rivis
1077 1442 1146 1491 erat
1162 1399 1266 1509 nani,
1279 1439 1348 1502 ¹aut

312 1565 397 1608 anno
415 1565 495 1630 799,
519 1540 672 1628 adquam
692 1564 765 1604 eum
781 1563 848 1606 non
863 1545 995 1628 putabat
1016 1545 1212 1631 pervenisse,
1235 1566 1347 1632 neque

313 1659 580 1742 animadvertens,
599 1660 712 1724 vitiose
728 1682 789 1747 pro
809 1658 975 1722 Kalendas
994 1661 1085 1724 Iunii
1102 1663 1256 1749 scriptum¹
1275 1681 1348 1726 esse

311 1777 389 1842 Idas
404 1779 505 1864 Majr';
515 1777 647 1840 omuino
662 1775 841 1865 desperavit
852 1776 939 1858 fore,
953 1792 993 1854 ,ut
1004 1799 1098 1842 verus
1108 1781 1221 1844 mortis
1234 1799 1349 1843 marr

313 1917 413 1961 annus
426 1919 465 1960 ex
483 1897 544 1958 hac
559 1894 702 1983 Epistola
722 1909 969 1984 cognosceretur
986 1894 1047 1982 (ι).
1085 1895 1190 1975 Quam
1206 1897 1251 1958 ob
1269 1917 1350 1959 rem

314 2011 409 2076 aliam
424 2013 583 2076 rationem
602 2010 776 2077 ineundam
794 2034 861 2076 esse
882 2026 988 2092 ratus,
1013 2011 1156 2099 confugit
1175 2010 1218 2075 ad
1234 2033 1348 2076 arnan

312 2129 500 2217 Epistolam,
508 2151 589 2215 quae
600 2127 640 2192 ad
652 2151 855 2194 wrcnnrntn
864 2129 1088 2216 Presbyterum
1095 2125 1182 2209 data,
1194 2128 1348 2192 inscribi·

311 2261 381 2311 tur:
415 2247 465 2310 De
490 2249 701 2334 Aequinoctio
719 2249 823 2333 jacta
843 2245 1029 2310 Anatolium
1046 2244 1106 2333 (a).
1148 2245 1198 2308 lbi
1225 2267 1348 2333 nempe

314 2363 445 2453 legitur:
475 2365 538 2428 «Ut
562 2379 595 2428 te
625 2363 777 2453 exemplis
802 2362 845 2427 ad
867 2361 1091 2440 inveniendam
1117 2364 1270 2428 instruam
1293 2362 1346 2426 fe·

309 2483 408 2566 riam,
434 2505 497 2570 qua
518 2481 607 2546 XIV.
630 2497 780 2546 occurrat
795 2482 890 2564 luna,
915 2496 1052 2571 utputa
1071 2505 1158 2547 anno
1174 2487 1346 2570 praesenti

310 2600 490 2664 dominicae
517 2601 756 2663 Incamationtt
779 2598 862 2687 776,
893 2623 983 2664 sume
1008 2600 1145 2688 Epactas
1168 2601 1260 2686 hujus
1286 2623 1345 2664 an·

311 2718 346 2782 ni
368 2716 517 2800 XXVI„
539 2733 601 2782 cet.
643 2717 713 2781 lam
737 2738 897 2782 ennomus
925 2717 1001 2782 hinc
1026 2719 1130 2807 cogit,
1162 2741 1273 2809 arnan
1300 2717 1345 2782 ad

310 2834 346 2898 id
372 2851 459 2899 certe
485 2836 639 2922 temporis
665 2835 766 2899 vitam
795 2833 999 2924 produxisse,
1027 2852 1122 2922 atque
1146 2834 1221 2901 ideo
1240 2859 1343 2901 annos

311 2951 424 3016 saltem
441 2967 570 3014 centum
587 2968 618 3016 et
635 2952 776 3039 quinque
790 2953 913 3018 anae.
961 2951 1062 3017 Addit
1078 2971 1202 3038 autem,
1218 2956 1244 3018 si
1259 2955 1343 3020 haec

312 3065 353 3132 de
368 3063 465 3157 longa
481 3091 584 3132 ranan
600 3085 704 3134 aetate
720 3093 788 3135 non
803 3071 969 3159 placeant,
987 3088 1023 3135 ut
1036 3095 1120 3136 nova
1138 3089 1171 3138 et
1187 3074 1343 3138 hactenus

310 3181 474 3267 inaudita,'
499 3199 576 3250 tunc
601 3187 791 3276 negantibus
813 3189 1000 3254 incumbere
1020 3189 1182 3273 laborem,
1205 3205 1243 3254 ut
1256 3191 1343 3256 hanc

311 3303 489 3392 Epistolam
515 3325 619 3368 sanan
636 3325 717 3371 non·
733 3329 819 3388 esse,
851 3305 995 3394 falsoque
1021 3307 1105 3372 inter
1133 3308 1199 3394 ejus
1225 3309 1345 3397 scripta

312 3423 473 3488 recenseri
497 3421 716 3488 demonstrent
735 3423 794 3511 (3).
842 3424 944 3490 Nobis
966 3424 1008 3489 de
1028 3427 1096 3514 ipsa
1119 3427 1263 3515 Epistola
1283 3447 1342 3490 suo

312 3539 389 3602 loco
410 3537 582 3604 dicendum
606 3543 686 3624 erit5
714 3564 846 3606 monere
868 3543 923 3607 hic
943 3543 1094 3628 sufficiat,
1121 3545 1343 3610 ratiocinatio·

315 3679 407 3740 nem,
426 3680 465 3721 ex
480 3661 680 3747 carpentem,
690 3663 758 3746 jam
772 3662 846 3726 satis
858 3662 1056 3727 confutatam
1072 3644 1139 3730 csse
1151 3687 1170 3728 a
1183 3684 1343 3730 narrana-

355 4012 397 4080 (1)
424 4012 534 4066 Barorrr
558 4015 659 4064 Annal.
682 4011 824 4080 Tannlx.
852 4014 885 4066 ad
906 4031 1005 4068 annum
1025 4017 1074 4070 ⁷31
1097 4035 1158 4088 pag.
1183 4021 1248 4083 145,
1274 4021 1340 4084 ut,

417 4097 459 4145 u⁰.
481 4095 573 4147 xxiv,

255 4144 257 4149 .
356 4174 397 4244 (2)
417 4177 501 4228 Bran
518 4177 596 4246 Oper.
612 4180 689 4233 basil.
708 4180 784 4234 Tam.
802 4184 836 4235 Π.
853 4203 881 4254 p.
898 4187 962 4238 ato.
979 4187 1073 4241 Gelon.
1090 4188 1167 4241 Tam.
1180 4188 1215 4242 ll.
1232 4206 1261 4258 p.
1275 4189 1338 4240 23⁰.

355 4259 398 4327 (8)
418 4258 513 4314 aanor.
527 4260 545 4311 1.
561 4261 580 4316 l.
599 4280 625 4330 p.
646 4265 711 4330 113,
733 4267 799 4332 ut,
818 4270 859 4319 11⁰.
874 4269 942 4324 xlx.
