2909 5392
797 557 840 626 98

309 737 435 826 bellus,
459 742 500 807 de
521 763 585 830 quo
606 761 690 807 nunc
709 742 849 831 agimus,
867 754 1032 829 excerptus
1054 759 1133 802 esse.
1181 732 1333 824 Ejusdem

307 876 483 926 inaurem
510 875 616 924 eutem
640 859 837 923 mentionem
862 857 939 922 facit
966 879 1049 921 nunt
1073 859 1107 920 in
1130 857 1216 921 Hist.
1239 856 1331 920 Eccl.

312 979 383 1044 Lib.
398 977 440 1044 V.
460 999 531 1066 cap.
553 977 608 1060 16,
631 979 738 1042 virum
751 999 826 1041 eum
840 996 959 1040 vocans
976 975 1090 1039 bonum
1110 988 1144 1038 ei
1161 981 1336 1063 sapientem

312 1108 346 1160 et
369 1101 504 1159 scientia
523 1096 756 1183 Scn'pturarum
774 1093 969 1158 nobilissime
991 1101 1188 1158 instructum.
1214 1091 1336 1156 Eadem

313 1233 441 1300 quoque
468 1210 513 1275 ibi
543 1211 722 1276 referuntur
751 1210 792 1276 de
821 1227 988 1275 secutam
1019 1211 1277 1300 peregrinatione
1302 1217 1337 1272 et

315 1327 453 1393 adventu
478 1330 512 1392 in
540 1331 762 1411 Britanniam,
796 1327 900 1416 deque
924 1351 983 1412 eo,
1007 1327 1095 1416 quod
1122 1345 1338 1408 annuemus,

315 1447 374 1511 illo
401 1447 540 1511 docente
568 1462 601 1510 et
625 1445 783 1528 dictante,
807 1449 943 1535 peregit.
990 1445 1103 1534 Neque
1126 1459 1249 1510 tanturn
1272 1442 1338 1507 boc

318 1589 419 1654 opus,
457 1563 544 1652 quod
574 1564 752 1653 legentibus
783 1563 984 1627 utilissimum
1017 1561 1097 1627 dicit
1105 1552 1118 1644 ,’
1150 1586 1205 1626 sua
1227 1578 1338 1628 aucto·

316 1684 410 1746 ritate
444 1681 593 1770 probavit
628 1703 733 1764 sunt,
766 1703 878 1746 verum
913 1681 1011 1746 etiarn
1042 1679 1198 1768 quaedam
1227 1673 1339 1747 exeo

317 1799 492 1888 decerpere
527 1814 560 1864 et
592 1798 756 1863 Historiae
781 1821 857 1862 suae
885 1798 1025 1863 inserere
1053 1820 1172 1886 operae
1200 1797 1338 1886 pretium

317 1915 408 1982 duxit
420 1917 481 2006 (ι)
528 1917 594 1982 Ubi
616 1911 747 1982 tandem
774 1915 879 1982 addit:
927 1916 1035 1982 «Haec
1059 1915 1249 1982 adsensum
1269 1915 1337 2002 qui·

317 2031 391 2099 dem
404 2035 576 2099 verborum
587 2049 755 2124 excerpta,
774 2032 832 2100 sed
842 2034 1041 2100 brevioribus
1054 2033 1234 2120 strictisque
1251 2050 1338 2096 com-

316 2152 473 2240 prehensa
501 2153 702 2217 sermonibus
732 2154 867 2236 nostris,
901 2145 942 2218 ad
967 2153 1136 2218 utilitatem
1164 2151 1339 2242 legentium

317 2268 466 2332 Historiis
488 2268 598 2334 indere
622 2270 761 2358 placuit3
785 2271 878 2359 plura
903 2272 930 2334 si
954 2260 1049 2359 quem
1073 2270 1155 2335 scire
1181 2269 1338 2352 delectat,

163 2419 166 2426 ·
269 2386 271 2391 ’
316 2386 367 2450 vel
389 2386 511 2474 inipso
533 2385 592 2450 illo
614 2387 796 2470 volumine,
820 2389 870 2453 vel
893 2394 928 2451 in
950 2411 1006 2471 eo,
1031 2388 1117 2476 qnod
1140 2388 1181 2450 de
1205 2387 1259 2451 illo
1282 2387 1339 2451 slu-

317 2503 393 2568 dttm
415 2511 550 2568 snictim
572 2511 803 2592 excerpsimus,
829 2512 996 2594 epitomate
1018 2503 1202 2593 requirats(
1223 2504 1248 2593 ).
1276 2549 1280 2554 -

364 2618 484 2700 Quanti
506 2636 614 2685 autem
634 2621 718 2686 illius
737 2623 890 2711 temporis
909 2623 1055 2687 homines
1069 2645 1241 2687 inanem
1262 2645 1341 2711 opu·

319 2738 443 2803 sculum
465 2738 624 2822 facerent,
648 2739 854 2831 intelligimus
879 2761 993 2822 exeo,
1016 2738 1103 2827 quod
1120 2761 1203 2804 unna
1216 2755 1340 2823 narrat,

321 2879 395 2922 eum
412 2857 532 2940 librum
551 2875 646 2922 suurn¹
663 2857 829 2923 tradidisse
852 2881 1000 2922 tiranno
1022 2859 1119 2946 Regi,
1145 2857 1186 2922 ad
1204 2880 1299 2944 quem
1323 2881 1343 2923 a

321 2998 378 3039 sua
402 2991 497 3065 gente
521 2975 642 3066 legatus
668 2977 821 3060 venissen
847 2974 1004 3064 hujusque
1030 2998 1130 3064 porro
1153 2976 1343 3040 liberalitate

320 3090 389 3155 aliis
412 3115 541 3180 quoque
563 3095 629 3180 ejus
650 3094 823 3192 lectionem
842 3116 1026 3160 concessam
1045 3116 1124 3158 esse.
1172 3095 1265 3157 Circa
1287 3115 1343 3157 an·

322 3231 400 3272 num
423 3209 520 3299 igitur
541 3233 603 3298 701
629 3210 709 3276 illud
731 3214 886 3302 scripturn
909 3235 975 3278 esse
995 3211 1138 3295 videtur,
1162 3236 1241 3299 quo,
1264 3228 1344 3278 teste

324 3347 500 3391 mananseo
533 3329 580 3395 W
577 3334 887 3413 esimonasteriensi,
919 3351 1114 3394 Autumnus
1147 3329 1267 3418 legatus
1304 3329 1346 3393 ad

369 3689 412 3759 (1)
434 3692 495 3743 Vid.
519 3695 592 3746 Hie.
614 3696 688 3746 Eccl.
712 3694 773 3744 Lib.
789 3693 821 3744 V.
840 3711 895 3763 cop.
909 3696 996 3747 itt-18
1010 3695 1081 3748 tdit.
1097 3697 1175 3749 tent.
1190 3699 1345 3765 etilolon„

430 3791 487 3844 etp.
502 3778 587 3828 15-17
613 3773 682 3828 Edit.
703 3786 800 3839 tutte,
827 3779 920 3844 inqua
938 3789 1013 3847 cepp.
1029 3781 1117 3833 oete
1137 3783 1347 3849 unumfaeiunt3

431 3858 531 3910 collatis
548 3878 622 3930 capp.
640 3860 673 3923 2,
693 3860 728 3923 7,
747 3861 764 3910 8
781 3869 807 3910 et
824 3861 841 3911 9
857 3860 918 3912 libri
936 3863 967 3911 de
983 3863 1062 3914 Locis
1081 3865 1195 3917 Sanctis.

372 3941 415 4012 (2)
436 3942 497 3994 Vid.
518 3944 537 3994 l.
552 3944 572 3996 l.
607 3941 666 3996 Non
687 3943 767 4012 igitur
786 3943 847 3994 satis
859 3942 960 4010 liquet,
980 3960 1059 4012 quare
1074 3962 1138 3999 runt
1157 3949 1185 3997 in
1200 3949 1288 3999 Indice
1303 3967 1349 4000 suo

432 4025 482 4077 hoe
504 4029 657 4098 opusculum
678 4028 809 4078 omiserit:
836 4044 869 4077 nn
890 4026 1013 4092 sonasse,
1039 4031 1100 4097 quia
1121 4031 1187 4082 illud
1209 4034 1252 4082 vix
1273 4050 1349 4084 suum

434 4106 530 4160 habere
544 4110 649 4179 posset?
663 4108 744 4188 1Quod
759 4122 863 4162 onorius
877 4111 1012 4162 contendit
1024 4110 1044 4162 l.
1060 4112 1078 4163 l.
1091 4131 1150 4182 pag.
1165 4115 1251 4176 1693,
1266 4114 1350 4164 libel-

434 4189 490 4240 lum
512 4193 541 4242 in
562 4194 650 4246 indice
673 4195 799 4245 omissum
826 4209 900 4259 esse,
926 4197 1049 4262 qnoniam
1071 4198 1178 4266 scriptus
1202 4208 1268 4248 esset
1287 4206 1349 4266 post
1385 4196 1388 4201 ’

434 4271 550 4324 indicem
565 4278 728 4341 confectum,
749 4279 830 4346 ipsius
845 4282 955 4334 auctoris
967 4281 1054 4335 verbis
1069 4283 1201 4332 refellitur.
