2909 5392
612 530 656 596 99

124 725 301 776 stamnum
324 710 411 774 venit
434 708 494 798 (1).
542 710 691 776 Ceterum
710 724 810 776 exstat
828 708 910 777 liber
928 706 1013 801 apud
1034 729 1148 778 ratam

124 847 253 895 touton
275 830 309 895 in
331 831 406 896 Act.
430 829 552 894 Beued.
577 829 650 897 Sec.
675 830 734 896 Ill.
759 830 855 896 Parte
877 830 918 896 ll.
945 855 978 919 p.
1006 829 1082 898 502.

548 1095 749 1114 dmi—u·-

165 1295 309 1364 Diximus
334 1301 430 1388 igitur
456 1298 497 1365 de
523 1321 626 1364 mim
653 1302 830 1388 opusculis,
866 1324 946 1389 quae
976 1303 1011 1366 in
1036 1296 1146 1368 Indice

122 1437 188 1481 non
210 1432 440 1484 memorantur.
486 1417 582 1482 Nulla
605 1439 683 1482 vero
710 1419 772 1483 alia
796 1419 826 1482 ei
847 1441 946 1508 opera
961 1434 1032 1485 tuto
1048 1421 1146 1486 tribui

121 1556 214 1623 posse
237 1534 395 1602 existimo.
443 1535 586 1616 Etenim,
612 1533 700 1622 quod
716 1535 926 1624 Evangelium
940 1557 1074 1603 romnis
1089 1537 1146 1602 ad·

120 1651 221 1735 tinet,
246 1655 334 1739 cujus
350 1653 541 1741 Expositio,
566 1653 600 1715 in
617 1650 819 1716 Editionibus
836 1653 950 1734 obvia,
974 1675 996 1717 a
1010 1653 1145 1719 nonnul·

119 1768 161 1833 lis
175 1771 299 1834 auctori
313 1770 360 1834 illi
376 1765 585 1852 adscribitur,
607 1783 734 1834 constat
746 1784 884 1853 tautum,
908 1791 1036 1853 azotu,
1056 1790 1144 1837 mor·

120 1886 167 1951 ho
186 1908 345 1975 supremo
366 1887 585 1969 laborantem,
609 1888 644 1950 in
669 1885 874 1952 vernaculam
896 1885 1038 1977 linguam
1063 1887 1146 1954 illud

121 1999 314 2086 reddidisse,
343 2019 381 2068 ut
407 2027 448 2069 ex
473 2009 660 2070 ruamur
681 2002 833 2092 discipuli
856 2004 1017 2098 Epistola,
1046 2017 1144 2092 quam

118 2141 213 2209 supra
246 2119 407 2204 dedimus,
442 2120 530 2186 clare
559 2122 676 2186 elucet.
735 2121 793 2186 De‘
822 2122 1036 2209 Expositioae
1065 2143 1143 2188 vero

118 2259 273 2322 romnis,
303 2261 384 2327 quam
403 2240 437 2303 in
458 2237 659 2304 Editionibus
679 2239 775 2304 Basil.
798 2254 831 2304 et
849 2237 965 2304 Colon.
984 2236 1080 2304 Tom.
1098 2236 1141 2306 V.

118 2354 253 2444 legitur,
284 2355 381 2446 longe
407 2356 500 2421 aliter
523 2377 572 2420 res
596 2379 630 2420 se
655 2357 765 2421 habet.
812 2355 1046 2421 Muratomus
1073 2358 1143 2444 qui·

117 2471 196 2536 dem
212 2494 384 2560 nomisma
403 2475 497 2554 citat,
521 2474 626 2561 quiin
646 2453 849 2538 Praefatione
867 2473 1143 2539 Commentarii.in

116 2611 251 2655 rotinus
272 2591 483 2680 Evangeliam
505 2613 544 2656 ex
558 2590 707 2655 Homiliis
728 2614 831 2656 aaran
849 2591 1029 2679 Presbyteri
1043 2591 1143 2657 multa

115 2730 150 2772 se
175 2706 358 2772 adsumsisse
377 2707 512 2772 fatetur:
542 2730 603 2772 nec
621 2722 728 2772 tamen
753 2710 820 2796 ipse
842 2706 937 2790 dicit,
962 2709 1141 2796 Expositio·

116 2848 191 2889 nem
215 2848 234 2888 a
254 2847 338 2889 arna
360 2825 539 2913 profectam
565 2847 632 2890 esse
652 2825 712 2914 (2).
767 2825 918 2890 Oramus
935 2841 1048 2890 contra
1061 2825 1141 2890 nihil

115 2939 206 3006 dubii
231 2929 403 3031 'superesse
434 2958 543 3031 putat,
576 2943 656 3030 quin
685 2941 805 3008 illaad
831 2965 941 3010 arnsu
961 2945 1138 3033 pertineat,

113 3060 331 3125 testimonium
359 3059 521 3126 adducens
549 3083 669 3143 roualt,
698 3061 851 3149 Episcopi
874 3061 1137 3144 Azaeuanensa,

117 3197 275 3240 tuuovmr
299 3198 346 3240 1³11
370 3177 523 3267 aeqrmlis,
555 3178 665 3268 quiin
689 3178 760 3244 Lib.
778 3179 806 3244 I.
828 3188 858 3243 'c.
882 3177 932 3244 13.
956 3178 996 3242 de
1011 3180 1139 3244 Institu-

114 3299 200 3358 tione
216 3294 361 3377 Lat'cali,
385 3317 533 3359 versuum
557 3295 678 3383 aliquot
696 3313 860 3362 auctorem
882 3319 992 3362 nabau
1012 3296 1138 3364 citatio

112 3411 255 3476 Homilia
269 3418 303 3474 in
320 3412 530 3500 Evangelium
546 3420 715 3502 vigesima,
734 3416 789 3480 ubi
803 3415 858 3481 ille
872 3416 1013 3481 secanda
1029 3417 1137 3506 legen*

112 3524 191 3598 dum
213 3550 279 3592 esse
301 3545 407 3617 putat,
433 3533 584 3617 quoniam
609 3531 707 3599 iidem
725 3556 833 3603 versus
855 3531 1048 3599 insecundo
1064 3534 1136 3596 Ex·

105 3652 276 3732 positionis
297 3647 402 3734 capite
423 3663 545 3712 exstant
563 3648 639 3738 (3).
671 3651 714 3714 At
733 3674 828 3732 vero,
856 3674 953 3738 quum
975 3665 1008 3714 et
1023 3673 1133 3715 sacur-

154 3919 197 3989 (1)
216 3919 293 3972 «llos
310 3931 424 3983 constat,
443 3921 507 3972 dicit
520 3936 617 3987 antra,
639 3923 659 3972 l.
674 3923 692 3972 l.
709 3925 737 3973 in
753 3935 830 3988 nota,
848 3924 955 3974 eumad
972 3924 1070 3992 Regem
1084 3938 1134 3975 re-

215 4005 284 4056 disse
305 4015 365 4056 ante
388 4021 485 4055 annum
507 4005 578 4068 ⁷05,
604 4007 665 4075 quia
688 4023 718 4056 eo
739 4024 809 4072 anno
829 4023 876 4059 rex
895 4018 1011 4058 mortuus
1029 4017 1084 4059 est:
1104 4010 1133 4059 in

214 4103 242 4138 re
264 4088 345 4157 igitar
363 4098 416 4138 tam
437 4088 543 4139 obscura
563 4103 691 4140 mirram
714 4092 893 4141 auotoritatsm
914 4100 984 4142 tutus
1005 4106 1133 4158 sequor.»

155 4171 198 4239 (2)
218 4172 280 4223 Act.
302 4173 366 4224 Ord.
384 4174 481 4224 Bened.
501 4173 560 4226 Sao.
577 4172 624 4224 ΙΙΙ.
645 4173 716 4224 Parte
735 4174 756 4224 Ι,
775 4176 817 4223 n⁰.
835 4175 878 4225 10.

154 4253 197 4321 (3)
220 4256 359 4308 Commeat.
377 4258 397 4308 l.
414 4277 437 4308 a.
456 4275 482 4324 p.
500 4258 577 4309 1696.

950 4358 986 4440 7.
