2909 5392
751 559 795 621 60

260 757 386 822 σοπιιη,
410 737 531 826 inquit,
556 757 652 824 qnam
676 735 766 802 libris
788 738 927 825 quinque
948 738 1174 827 explicavimus
1191 739 1280 829 (nam

259 859 398 946 primum
418 858 516 941 hujus
530 857 635 943 operis
656 854 807 919 volumen
828 871 941 920 contra
962 877 1208 946 rnu1muupr0
1226 856 1281 922 de·

261 975 405 1040 fensione
421 974 540 1062 gratiae
561 973 639 1054 Dei,
670 997 766 1060 quam
785 974 840 1038 ille
864 975 1078 1063 impugnavit,
1103 976 1284 1063 specialiter

263 1091 491 1179 confecimus),
518 1093 563 1155 ita
588 1092 719 1156 Petrum
743 1093 877 1181 vestigia
903 1093 1003 1156 secuti
1029 1115 1150 1175 sumus,
1176 1109 1212 1156 ut
1238 1095 1285 1156 in·

262 1210 356 1274 terim
370 1211 522 1297 opuscula
538 1209 648 1274 dilecti
660 1209 732 1274 Deo
752 1226 784 1275 et
800 1211 984 1274 hominibus
999 1211 1106 1299 Papae
1125 1233 1163 1274 ac
1178 1211 1282 1274 Patris

261 1328 364 1392 nostri
392 1330 551 1394 ouocmr
577 1329 828 1416 relinqueremus
853 1331 991 1411 intacta3
1019 1327 1189 1414 jucundius
1214 1327 1286 1391 fore

262 1444 440 1534 legentibus
456 1445 582 1528 rati,si
597 1469 649 1526 ea,
675 1441 756 1532 quae
776 1446 811 1508 in
834 1446 1090 1534 explanationem
1112 1448 1205 1532 hujus
1225 1469 1286 1511 vo·

262 1561 389 1629 luminis
413 1587 472 1652 per
495 1539 993 1652 opuscolosparsim'disseruit‚
1019 1566 1108 1650 qnasi
1131 1565 1166 1627 in
1187 1587 1287 1627 unum

181 1715 183 1719 ·
263 1679 400 1746 collecta
415 1669 584 1762 volumen,
609 1681 730 1768 pariter
748 1683 857 1744 omnia
877 1703 1081 1768 poneremus.
1128 1679 1286 1744 Credatur

263 1820 341 1887 ergo
356 1799 509 1886 septimus
522 1799 557 1862 in
570 1799 703 1863 Cantica
715 1799 923 1864 Canticorum
937 1797 1020 1862 liber
1031 1813 1144 1862 nostro
1154 1796 1285 1884 quidem

265 1913 378 1979 labore
391 1915 561 1998 collectus,
585 1915 644 1980 sed
657 1917 744 1980 beati
760 1904 920 1980 osrooan
927 1916 1133 1979 sermonibus
1149 1929 1182 1978 et
1196 1935 1297 1978 sensu*

268 2033 494 2120 compositus.»
538 2033 587 2096 Ita
602 2031 708 2098 Tarni.
755 2029 798 2096 Et
824 2055 899 2096 sane
924 2025 1084 2116 indefesso
1111 2031 1224 2094 labore
1251 2053 1291 2095 ex

268 2171 428 2214 ennoean
453 2150 604 2239 operibus
625 2149 748 2240 singula
775 2151 921 2237 quaevis,
947 2149 988 2214 ad
1010 2149 1178 2212 Canticum
1201 2169 1294 2212 smo-

269 2288 369 2332 uoms
393 2268 604 2355 pertinentia,
635 2269 792 2356 excerpsit
817 2269 915 2355 inque
930 2291 1033 2332 unum
1052 2269 1159 2357 coigit
1174 2267 1292 2331 librom

269 2385 450 2474 septimum.
499 2387 801 2474 interpretationem
815 2402 920 2452 autem
935 2387 1033 2476 ipsios
1049 2387 1193 2469 Cantici,
1210 2407 1291 2472 quae

269 2501 359 2570 libris
368 2500 489 2566 II-Vl
501 2502 634 2593 legitur,
648 2503 694 2569 sic
710 2505 866 2585 insumit,
875 2519 912 2567 ut
927 2504 1096 2568 ostendere
1107 2519 1297 2586 conaretur,

270 2641 423 2709 sponsum
433 2641 651 2709 sponsamque
666 2643 797 2686 conari
812 2589 848 2686 et
857 2621 1039 2704 Ecclesiae,
1065 2622 1184 2711 quippe
1196 2621 1295 2710 Regis

272 2737 394 2802 aeterni
416 2739 544 2824 ejusque
567 2738 718 2821 civitatis,
743 2738 915 2827 imaginem
937 2735 1069 2802 referre.

314 2855 355 2920 Io
378 2860 506 2938 remu,
531 2877 742 2937 narrentani,
766 2855 930 2920 duodecim
953 2855 1146 2944 Prophetas,
1169 2869 1295 2944 partem

271 2985 306 3036 et
340 2993 543 3056 amanum,
581 2973 801 3040 distinctiones
832 2971 1047 3062 capitulorum
1080 2997 1123 3036 ex
1160 2986 1298 3039 tractatu

273 3111 306 3156 a.
321 3111 511 3156 amnentur
533 3105 713 3182 excerptae.

319 3205 410 3272 Haec
425 3231 529 3274 annio
548 3210 667 3298 scripta
686 3210 720 3273 in
732 3201 834 3275 Editt.
848 3211 964 3294 Basil.‚
983 3209 1101 3275 Colon.
1121 3209 1297 3296 ceterisque

275 3346 342 3390 non
361 3325 574 3392 inveniuntur.
622 3328 865 3393 Commemorat
881 3343 990 3392 tamen
1005 3349 1115 3420 smus
1136 3329 1296 3409 δίπειιεὶε,

275 3465 315 3508 cx
340 3465 526 3508 ramnum
553 3445 632 3534 Cap.
664 3450 746 3529 242,
782 3467 886 3510 nanu
916 3444 1018 3510 libros
1047 3443 1232 3509 octodecim
1263 3445 1299 3508 in

277 3561 454 3650 Prophetas
471 3566 607 3650 majores
629 3565 847 3652 minoresque,
873 3587 989 3653 nempe
1005 3565 1040 3627 in
1055 3569 1186 3629 sumu
1198 3561 1300 3626 libros

276 3676 373 3761 duos,
387 3679 421 3744 in
433 3683 600 3746 :nmmum
611 3679 703 3765 duos,
715 3682 750 3745 in
756 3695 958 3747 macarium
967 3705 1082 3765 unum,
1091 3682 1299 3746 innmritnau

277 3819 396 3879 unum,
429 3797 465 3862 in
488 3797 550 3861 XII
574 3798 752 3886 Prophetas
780 3800 919 3864 minores
943 3800 1043 3865 libros
1070 3797 1210 3888 singulos
1237 3796 1297 3886 ().

190 3983 198 3994 κ
251 3993 253 3998 Ι
278 3903 1250 4006 commentariumintestimointerdeperditosponitctvrns(
1270 3914 1296 4004 ).

323 4203 366 4270 (1)
385 4205 448 4256 Bit.
465 4205 555 4256 Senot.
571 4205 630 4256 Lib.
646 4205 691 4256 tv,
706 4221 767 4273 pag.
781 4201 842 4254 219.
856 4201 887 4254 C.

326 4286 369 4356 (2)
389 4288 461 4338 flat.
478 4289 562 4339 Liter.
577 4289 606 4338 de
622 4287 719 4354 Script.
734 4287 809 4338 Eccl.
825 4284 883 4340 Set·
898 4282 968 4337 tm.
983 4299 1045 4351 pag.
1060 4282 1120 4335 tto.
