2909 5392
610 526 650 593 13

124 713 181 778 tati
199 719 265 795 noo
280 707 431 776 inviderit
447 708 507 798 (1).¹
542 707 707 799 sicigitur
722 719 845 777 narrat:
869 709 1045 778 «Curetum
1059 711 1144 780 ritae

124 841 257 916 tempus
282 829 316 892 in
348 823 490 913 ejusdem
521 827 705 892 monasterii
741 828 945 895 habitatione·
972 851 1145 919 peragens,

125 964 256 1008 omnem
265 941 457 1008 meditandis
464 942 634 1032 seripturis
648 965 781 1032 operam
789 941 878 1034 dedi;
890 959 986 1029 atque
995 946 1081 1013 inter
1087 947 1144 1012 ob'·'

125 1060 316 1128 servantiam
337 1058 523 1148 disciplinae
544 1058 695 1149 regillam
712 1074 747 1124 et
763 1057 982 1146 quotidianam
996 1059 1146 1128 cantandi

122 1175 158 1240 in
175 1176 311 1244 ecclesia
326 1197 453 1259 curam,
476 1197 601 1264 semper
619 1189 673 1239 aut
695 1173 834 1258 discere,
857 1190 913 1240 aut
934 1173 1074 1258 docere,
1091 1192 1147 1242 ant

124 1293 265 1358 scribere
289 1291 384 1358 dulce
406 1293 516 1358 habui.
563 1291 660 1356 Nono
685 1290 813 1358 docimo
834 1302 942 1359 autem
956 1294 1146 1362 vitaemette

125 1431 210 1473 anno
226 1409 456 1491 Diaconaturn‚
472 1408 634 1473 tricesimo
647 1407 782 1496 gradum
792 1408 1046 1497 Presbyteratos,
1064 1409 1100 1498 (i.
1114 1433 1144 1476 e.

126 1527 168 1592 A.
183 1526 247 1612 691
261 1541 295 1592 et
309 1547 373 1614 702
383 1525 409 1614 ,)
421 1541 591 1613 utrimque
606 1548 667 1613 per
679 1527 891 1611 ministerium
901 1528 1147 1594 reverentissimi

126 1644 279 1733 Episcopi
297 1665 451 1726 sotanis,
474 1645 606 1730 jubente
629 1663 815 1708 cronrmno
837 1643 985 1725 Abbate,
1007 1645 1144 1734 suscepi.

128 1761 177 1826 Ex
194 1784 258 1848 quo
280 1776 428 1850 tempore
443 1760 569 1850 accepti
588 1759 829 1846 Presbyterattrs
848 1759 1007 1847 usquead
1028 1783 1148 1827 annum

127 1877 240 1943 aetatis
263 1899 354 1943 meae
377 1875 672 1964 quinquagesimum
691 1889 834 1964 nonam,
857 1877 938 1940 haec
951 1877 987 1941 in
1009 1876 1150 1966 Scriptu-

127 2015 198 2058 ram
220 1992 371 2059 Sanctam
382 2055 386 2066 .
397 2016 488 2064 meae
511 2007 719 2080 meorumque
737 1994 916 2060 necessitati
934 2017 974 2060 ex
989 1995 1150 2084 opusculis

127 2110 366 2179 venerabilium
389 2110 521 2178 Pa'trttttt
533 2110 681 2178 'breviter
703 2110 875 2195 adnotare,
899 2112 965 2178 sive
986 2114 1083 2179 etiam
1105 2112 1149 2178 ad

127 2227 267 2296 formam
290 2250 398 2294 sensus
426 2241 459 2294 et
482 2228 754 2317 interpretationis
780 2241 894 2294 eorum
917 2229 1151 2318 superadjicere

129 2345 254 2410 curavi»
276 2343 334 2434 (2).
386 2345 478 2411 Haec
499 2335 580 2434 ipsit
596 2364 701 2412 noar
720 2345 964 2415 verbiereierre
982 2347 1061 2414 mihi
1079 2347 1150 2436 pla*

130 2461 214 2545 cuit,
239 2459 281 2526 de
300 2465 367 2548 ejus
386 2463 539 2550 operibus
553 2479 587 2528 et
602 2461 757 2534 industria
772 2461 856 2526 infra
869 2463 1061 2530 notabimus.
1103 2463 1152 2531 Ex

127 2579 183 2644 itta
216 2593 331 2644 autem'
360 2577 557 2642 narratione
576 2579 651 2642 satis
679 2577 891 2647 manfeamm.
911 2601 978 2645 esse
994 2577 1149 2663 ridetur,

129 2709 239 2762 arnan
253 2694 374 2760 nullam
393 2694 461 2760 iere
477 2709 551 2760 ante
573 2695 771 2785 trigesimum
790 2696 902 2761 aetatis
923 2710 1042 2763 annum
1061 2697 1153 2766 tibris

128 2810 366 2880 conscribendis
390 2833 522 2901 operam
543 2810 679 2877 dedisse.
726 2813 879 2876 Attamen
899 2813 1031 2898 juvenili
1046 2829 1150 2880 aetate

126 2934 193 3017 jam
208 2931 327 3020 ingenii
343 2952 404 2994 neo
419 2929 524 2993 minus
540 2930 771 2994 sanctimoniae
783 2927 910 2993 laudem
921 2929 1045 2996 habuit.
1082 2931 1151 2996 Un-

128 3045 323 3114 devicesimo
340 3043 443 3130 enim,
467 3061 503 3110 ut
517 3041 669 3130 vidimus,
693 3046 804 3127 aetatis
818 3068 903 3128 anno
913 3047 981 3130 jam
994 3044 1151 3129 ⁴diaeonus

129 3164 293 3230 ordinatos
315 3179 381 3246 est,
415 3163 557 3250 quamvis
581 3183 720 3228 conones
746 3163 1008 3248 praescribebant
1032 3183 1152 3228 annum

129 3283 315 3372 vigesimum
334 3279 498 3369 quintum:
524 3295 557 3347 et
579 3279 683 3343 nullus
699 3279 881 3376 exceptioni
896 3277 987 3344 locus
1002 3277 1155 3366 dabam,

127 3375 188 3466 nisi
212 3401 256 3464 ob
281 3397 442 3463 insolitam
465 3397 692 3486 praestantiam
717 3419 848 3480 eorum,
877 3398 933 3484 qui
956 3396 1153 3463 ordinandos

129 3537 163 3580 se
186 3516 338 3580 sistebant
357 3513 416 3604 (3).
464 3515 597 3579 Abbatis
624 3529 730 3578 autem
756 3513 900 3578 officium
926 3537 987 3602 pro
1015 3538 1152 3604 magno,

129 3613 193 3719 qno
218 3631 390 3722 flagrabat,
419 3631 546 3721 legendi
572 3630 798 3719 scribendique
825 3653 935 3696 amore
963 3631 1153 3697 recusavisse

129 3747 263 3833 dicitur,
285 3771 348 3833 ne,
374 3751 457 3814 curis
471 3750 517 3814 rei
534 3749 698 3813 familiaris
713 3745 900 3832 domem,
925 3746 1035 3812 studiis
1048 3749 1153 3814 minus

170 4066 212 4137 (1)
232 4031 275 4120 tie
293 4069 365 4120 θεαί.
379 4067 447 4130 Reg.
465 4066 549 4128 Angl.
562 4062 594 4116 L.
607 4063 629 4115 1.
644 4081 667 4118 a.
681 4065 708 4115 3.
722 4083 750 4132 p.
764 4063 808 4114 22.

168 4150 212 4216 (2)
233 4149 312 4219 (iper.
328 4149 403 4202 Tom.
417 4147 465 4200 ΠΙ.
477 4164 505 4215 p.
519 4147 581 4198 1⁵1.
615 4146 699 4200 Srrrn
712 4163 740 4212 p.
754 4144 816 4196 222.

170 4233 213 4302 (3)
233 4233 341 4288 Hester..
358 4237 418 4288 Act.
435 4231 533 4288 Bened.
548 4229 566 4280 1.
581 4229 600 4278 l.
