2909 5392
802 516 845 577 86

319 696 409 760 loeus
425 717 497 760 suus
518 696 573 776 sit,
597 715 672 758 eum
699 716 784 757 22202
808 710 946 780 quatuor
967 709 1091 760 tainum
1108 718 1207 762 annos
1228 699 1343 764 vixerit

318 829 393 903 post
420 813 614 880 creationem
636 833 797 878 onnoonu
812 814 893 895 111.,
918 814 972 901 qui
997 815 1090 900 hujus
1118 813 1204 880 Festi
1230 831 1343 882 auctor

319 946 366 997 est
391 929 451 1020 (1).

361 1049 459 1113 Liber
479 1049 695 1134 Hymnorum,
719 1050 845 1114 diverso
866 1061 982 1131 metm,
1007 1056 1073 1116 sive
1095 1050 1252 1136 rdyihnw.

365 1167 509 1257 Hymni,
545 1168 599 1255 qui
626 1167 830 1256 reponuntur
856 1168 941 1232 inter
966 1190 1071 1234 22022
1096 1168 1220 1258 Opera,
1252 1166 1341 1234 Edit.

322 1285 417 1351 Basil.
442 1285 537 1350 Tom.
553 1285 580 1351 1.
593 1285 637 1375 vp.
658 1285 823 1374 476-494,
842 1285 959 1352 colon.
977 1310 1011 1376 p.
1029 1290 1195 1375 401·417,
1213 1283 1255 1350 ad
1270 1307 1345 1351 eum

320 1404 481 1494 pertinere
496 1427 564 1468 non
579 1401 742 1469 videntur:
766 1404 821 1469 hie
844 1404 956 1470 saltem
972 1405 1056 1470 liber
1070 1405 1126 1470 ille
1141 1405 1346 1493 Hymnorum

320 1543 387 1586 non
409 1537 475 1604 est,
501 1543 596 1609 quem
620 1522 689 1609 ipse
718 1537 877 1585 memorat
897 1521 933 1584 in
949 1520 1059 1588 Indice
1076 1521 1137 1610 (2).
1184 1521 1346 1612 Plurimos

321 1659 426 1704 2220222
448 1639 594 1728 Hymnos
622 1637 724 1702 edidit
744 1661 924 1704 0222222022
946 1661 1023 1703 cum
1043 1640 1191 1722 scholiis,
1220 1639 1350 1704 Paiisiis

327 1755 421 1837 1556,
437 1771 470 1822 et
481 1756 565 1821 inter
577 1754 718 1842 ejusdem
728 1755 924 1845 Operaibid.
940 1757 1036 1838 1616,
1049 1780 1084 1845 p.
1092 1755 1167 1843 195,
1180 1757 1257 1840 206,
1267 1755 1346 1844 239,
1369 1815 1371 1819 .

322 1877 404 1956 244,
425 1871 507 1956 254,
528 1872 612 1956 263,
633 1873 715 1958 266,
734 1877 816 1963 274,
837 1874 921 1956 280,
945 1874 1029 1956 282,
1051 1874 1128 1961 293.
1175 1875 1346 1940 Praeterea

321 2013 426 2056 2222222
448 1992 544 2056 etiam
567 1992 601 2055 in
623 1991 706 2058 God.
725 1990 798 2057 MS.
816 1991 896 2057 olim
916 1992 1085 2076 Tduaneo,
1106 2015 1194 2058 nune
1221 1991 1347 2058 Colber·

322 2117 405 2193 tino,
436 2106 628 2175 adsciibitur
653 2130 784 2173 carmen
809 2110 849 2173 de
873 2111 990 2175 Divino
1015 2110 1144 2175 iudicio
1170 2108 1211 2174 ad
1236 2131 1347 2175 202222

320 2229 535 2318 Episcopum,
558 2225 646 2315 quod
671 2225 794 2292 editum
815 2243 899 2292 esto
920 2251 1062 2294 2222220222
1079 2227 1287 2293 Dunelmensi
1310 2227 1347 2290 in

319 2347 404 2410 libro
420 2346 460 2410 de
480 2346 586 2410 Gestis
601 2347 720 2432 Regum
735 2345 913 2432 Anglorum
930 2345 991 2433 (3).
1040 2347 1081 2410 Et
1102 2368 1207 2410 2220222
1224 2347 1343 2412 Vener.

321 2464 446 2551 Eeloga
470 2461 635 2549 consiloms
658 2470 748 2526 veris
769 2475 804 2526 et
824 2462 953 2545 hiemz's,
979 2469 1046 2529 sive
1073 2463 1202 2527 cueulm
1225 2460 1349 2550 prodiit

319 2583 405 2646 inter
421 2582 538 2644 Poetae
555 2582 662 2644 Latin.
687 2588 841 2664 minores,
867 2601 887 2643 a
907 2601 1140 2645 wnnmnonmo
1163 2579 1267 2647 editos
1283 2579 1347 2668 (4).

365 2698 464 2764 Liber
483 2700 779 2787 Epigrammatum,
802 2697 928 2761 heroico
944 2709 1062 2778 metm,
1086 2704 1152 2761 sive
1168 2697 1320 2786 01066000.

369 2817 470 2904 Hujus
485 2817 561 2881 libri
576 2838 729 2903 nusquam
747 2815 878 2906 vestigia
892 2815 1016 2904 reperi,
1040 2829 1074 2880 et
1092 2816 1177 2880 inter
1199 2813 1348 2905 deperdi-

323 2952 374 3002 tos
398 2935 530 3026 ponitur
556 2958 575 2999 a
597 2957 711 3001 02220.

368 3055 419 3118 De
434 3055 562 3120 Natura
579 3055 713 3134 Rerum,
737 3066 773 3116 et
791 3051 831 3116 de
850 3050 1077 3139 Temporibus,
1101 3051 1176 3116 libri
1192 3051 1323 3140 singuli.

368 3171 478 3236 Exstat
503 3172 558 3236 ille
584 3171 624 3234 cle
638 3170 766 3237 Natura
788 3171 904 3235 Rerum
924 3170 1006 3233 liber
1022 3172 1105 3234 inter
1117 3168 1242 3257 Opere,
1258 3168 1347 3236 Edit.

320 3261 422 3354 'Basii
450 3289 545 3354 Tom.
573 3291 614 3354 11.
640 3312 673 3377 p.
698 3293 791 3374 1-49,
817 3287 934 3354 Golon.
956 3311 991 3377 p.
1015 3291 1111 3371 2-42,
1136 3311 1212 3352 cum
1238 3287 1349 3377 glossis

371 3496 414 3566 (1)
433 3495 543 3548 1122222.
563 3498 626 3548 Aci.
648 3497 712 3548 Ord.
726 3495 826 3548 Bened.
840 3495 899 3548 See.
914 3495 963 3549 ΠΙ.
976 3495 1044 3550 em.
1057 3496 1079 3549 1.
1093 3513 1153 3565 pig.
1165 3496 1229 3549 660.
1252 3493 1349 3550 02222.

436 3582 576 3632 comment.
594 3580 669 3631 Tom.
682 3580 705 3631 1.
719 3598 781 3650 pig.
794 3579 874 3632 1601.

370 3663 414 3731 41)
434 3663 478 3716 Of.
493 3680 580 3717 00222.
594 3666 614 3716 Ι.
629 3663 649 3716 1.
662 3681 723 3733 pag.
738 3665 816 3734 1686.

370 3746 414 3814 (3)
433 3746 495 3798 Vid.
514 3761 616 3800 222202.
635 3747 761 3799 Dunelm.
782 3745 851 3815 apud
866 3745 941 3796 ssot.
957 3746 1066 3810 Aegiis.
1081 3745 1180 3812 Seripi.
1195 3744 1235 3796 Χ.
1269 3742 1347 3796 Cous.

434 3843 539 3880 122222.
554 3831 616 3880 Aci.
630 3831 728 3881 Bened.
742 3830 762 3881 l.
776 3829 796 3880 1.
811 3847 871 3898 pag.
885 3829 947 3880 660.
962 3831 1008 3880 11⁰.
1023 3830 1067 3881 01.

324 3929 328 3938 ·
366 3913 504 3984 (1)’1“022.
529 3913 564 3964 11.
585 3933 644 3984 pag.
666 3914 816 3967 oso-244.
846 3912 908 3964 Vid.
929 3912 996 3964 ibid.
1016 3930 1076 3982 pag.
1098 3913 1213 3965 61-60.
1243 3911 1352 3980 Legitur

410 4021 413 4028 ’
433 3999 511 4049 etiam
527 3999 556 4048 in
568 4013 664 4050 2222022.
678 4011 795 4050 omnim
811 3993 933 4046 1121160222
940 3997 1138 4048 0222222Εωί10.
1147 3993 1350 4048 12200011610.

431 4101 491 4152 png.
506 4084 572 4147 190,
594 4094 620 4133 et
639 4084 667 4133 in
686 4097 816 4134 22222222
833 4081 942 4132 Antinoi.
958 4081 1020 4131 Iai.
1036 4079 1097 4132 Lib.
1111 4079 1145 4130 V.
1159 4097 1239 4130 earm.
1253 4077 1297 4128 70.
1312 4105 1347 4117 -

431 4164 553 4216 Ceterum
567 4165 638 4216 coni.
651 4179 747 4216 vossms
758 4165 940 4217 choeiAEoi.
954 4183 1011 4232 esp.
1018 4163 1051 4216 V.
1058 4181 1118 4234 020.
1125 4166 1169 4216 68.
1186 4163 1343 4216 8022222022

433 4247 968 4315 11222211.022012221201202111111002αο6ιέ,
978 4247 1145 4314 1221021032.
1151 4246 1226 4298 Toni.
1234 4243 1349 4313 11.p.27‚
