<?xml version="1.0" encoding="UTF-8"?>
<!DOCTYPE html PUBLIC "-//W3C//DTD XHTML 1.0 Transitional//EN"
    "http://www.w3.org/TR/xhtml1/DTD/xhtml1-transitional.dtd">
<html xmlns="http://www.w3.org/1999/xhtml" xml:lang="en" lang="en">
 <head>
  <title>
</title>
<meta http-equiv="Content-Type" content="text/html;charset=utf-8" />
  <meta name='ocr-system' content='tesseract 3.04.00' />
  <meta name='ocr-capabilities' content='ocr_page ocr_carea ocr_par ocr_line ocrx_word'/>
</head>
<body>
  <div class='ocr_page' id='page_1' title='image "./disputatiohisto01gehlgoog_0117.png"; bbox 0 0 2909 5392; ppageno 0'>
   <div class='ocr_carea' id='block_1_1' title="bbox 614 539 656 602">
    <p class='ocr_par' dir='ltr' id='par_1_1' title="bbox 614 539 656 602">
     <span class='ocr_line' id='line_1_1' title="bbox 614 539 656 602; baseline 0.048 -2"><span class='ocrx_word' id='word_1_1' title='bbox 614 539 656 602; x_wconf 75' lang='lat' dir='ltr'><strong>ut</strong></span> 
     </span>
    </p>
   </div>
   <div class='ocr_carea' id='block_1_2' title="bbox 121 712 1149 1152">
    <p class='ocr_par' dir='ltr' id='par_1_2' title="bbox 121 712 1149 1152">
     <span class='ocr_line' id='line_1_2' title="bbox 123 712 1143 807; baseline 0.005 -29"><span class='ocrx_word' id='word_1_2' title='bbox 123 727 251 778; x_wconf 81' lang='lat' dir='ltr'><strong>strenue</strong></span> <span class='ocrx_word' id='word_1_3' title='bbox 279 712 450 796; x_wconf 88' lang='lat' dir='ltr'><strong>admonet,</strong></span> <span class='ocrx_word' id='word_1_4' title='bbox 488 730 542 797; x_wconf 91' lang='lat' dir='ltr'><strong>ut,</strong></span> <span class='ocrx_word' id='word_1_5' title='bbox 576 737 635 802; x_wconf 90' lang='lat' dir='ltr'><strong>qua</strong></span> <span class='ocrx_word' id='word_1_6' title='bbox 667 731 736 780; x_wconf 89' lang='lat' dir='ltr'><strong>erat</strong></span> <span class='ocrx_word' id='word_1_7' title='bbox 769 714 855 803; x_wconf 87' lang='lat' dir='ltr'><strong>apud</strong></span> <span class='ocrx_word' id='word_1_8' title='bbox 887 739 995 806; x_wconf 80' lang='lat' dir='ltr'><strong>regern</strong></span> <span class='ocrx_word' id='word_1_9' title='bbox 1022 720 1143 807; x_wconf 78' lang='lat' dir='ltr'><strong>gratia,</strong></span> 
     </span>
     <span class='ocr_line' id='line_1_3' title="bbox 121 830 1147 922; baseline 0.005 -28"><span class='ocrx_word' id='word_1_10' title='bbox 121 830 197 894; x_wconf 87' lang='lat' dir='ltr'><strong>huic</strong></span> <span class='ocrx_word' id='word_1_11' title='bbox 222 831 308 895; x_wconf 91' lang='lat' dir='ltr'><strong>malo</strong></span> <span class='ocrx_word' id='word_1_12' title='bbox 334 831 549 920; x_wconf 79' lang='lat' dir='ltr'><strong>prospiceret,</strong></span> <span class='ocrx_word' id='word_1_13' title='bbox 575 854 678 918; x_wconf 87' lang='lat' dir='ltr'><strong>neque</strong></span> <span class='ocrx_word' id='word_1_14' title='bbox 700 830 785 920; x_wconf 87' lang='lat' dir='ltr'><strong>apud</strong></span> <span class='ocrx_word' id='word_1_15' title='bbox 807 855 841 896; x_wconf 94' lang='lat' dir='ltr'><strong>se</strong></span> <span class='ocrx_word' id='word_1_16' title='bbox 865 833 1000 898; x_wconf 89' lang='lat' dir='ltr'><strong>inveniri</strong></span> <span class='ocrx_word' id='word_1_17' title='bbox 1021 850 1147 922; x_wconf 88' lang='lat' dir='ltr'><strong>patere·</strong></span> 
     </span>
     <span class='ocr_line' id='line_1_4' title="bbox 122 946 1149 1040; baseline 0.006 -29"><span class='ocrx_word' id='word_1_18' title='bbox 122 964 190 1030; x_wconf 89' lang='lat' dir='ltr'><strong>tur,</strong></span> <span class='ocrx_word' id='word_1_19' title='bbox 213 946 255 1012; x_wconf 92' lang='lat' dir='ltr'><strong>de</strong></span> <span class='ocrx_word' id='word_1_20' title='bbox 279 949 392 1035; x_wconf 88' lang='lat' dir='ltr'><strong>quibus</strong></span> <span class='ocrx_word' id='word_1_21' title='bbox 416 949 531 1014; x_wconf 91' lang='lat' dir='ltr'><strong>merito</strong></span> <span class='ocrx_word' id='word_1_22' title='bbox 550 947 614 1014; x_wconf 89' lang='lat' dir='ltr'><strong>dici</strong></span> <span class='ocrx_word' id='word_1_23' title='bbox 637 966 760 1037; x_wconf 89' lang='lat' dir='ltr'><strong>posset:</strong></span> <span class='ocrx_word' id='word_1_24' title='bbox 791 948 889 1014; x_wconf 77' lang='lat' dir='ltr'><strong>«Vidi</strong></span> <span class='ocrx_word' id='word_1_25' title='bbox 912 951 1028 1039; x_wconf 89' lang='lat' dir='ltr'><strong>irnpios</strong></span> <span class='ocrx_word' id='word_1_26' title='bbox 1044 951 1149 1040; x_wconf 87' lang='lat' dir='ltr'><strong>sepul·</strong></span> 
     </span>
     <span class='ocr_line' id='line_1_5' title="bbox 124 1064 1148 1152; baseline 0.003 -22"><span class='ocrx_word' id='word_1_27' title='bbox 124 1079 192 1148; x_wconf 87' lang='lat' dir='ltr'><strong>tos,</strong></span> <span class='ocrx_word' id='word_1_28' title='bbox 208 1066 261 1152; x_wconf 89' lang='lat' dir='ltr'><strong>qui</strong></span> <span class='ocrx_word' id='word_1_29' title='bbox 277 1089 350 1130; x_wconf 89' lang='lat' dir='ltr'><strong>cum</strong></span> <span class='ocrx_word' id='word_1_30' title='bbox 363 1064 564 1149; x_wconf 84' lang='lat' dir='ltr'><strong>adviverent,</strong></span> <span class='ocrx_word' id='word_1_31' title='bbox 584 1068 618 1130; x_wconf 92' lang='lat' dir='ltr'><strong>in</strong></span> <span class='ocrx_word' id='word_1_32' title='bbox 630 1066 706 1131; x_wconf 87' lang='lat' dir='ltr'><strong>loco</strong></span> <span class='ocrx_word' id='word_1_33' title='bbox 722 1083 834 1132; x_wconf 86' lang='lat' dir='ltr'><strong>sancto</strong></span> <span class='ocrx_word' id='word_1_34' title='bbox 850 1083 953 1133; x_wconf 88' lang='lat' dir='ltr'><strong>erant.</strong></span> <span class='ocrx_word' id='word_1_35' title='bbox 963 1099 977 1124; x_wconf 69' lang='grc' dir='ltr'><strong>ν</strong></span> <span class='ocrx_word' id='word_1_36' title='bbox 1009 1068 1148 1133; x_wconf 84' lang='lat' dir='ltr'><strong>Multum</strong></span> 
     </span>
    </p>
   </div>
   <div class='ocr_carea' id='block_1_3' title="bbox 123 1181 1259 1272">
    <p class='ocr_par' dir='ltr' id='par_1_3' title="bbox 123 1181 1259 1272">
     <span class='ocr_line' id='line_1_6' title="bbox 123 1181 1259 1272; baseline 0.004 -24"><span class='ocrx_word' id='word_1_37' title='bbox 123 1181 262 1271; x_wconf 87' lang='lat' dir='ltr'><strong>denique</strong></span> <span class='ocrx_word' id='word_1_38' title='bbox 284 1184 390 1248; x_wconf 86' lang='lat' dir='ltr'><strong>amico</strong></span> <span class='ocrx_word' id='word_1_39' title='bbox 414 1182 470 1249; x_wconf 82' lang='lat' dir='ltr'><strong>dat</strong></span> <span class='ocrx_word' id='word_1_40' title='bbox 488 1183 630 1267; x_wconf 88' lang='lat' dir='ltr'><strong>consilii,</strong></span> <span class='ocrx_word' id='word_1_41' title='bbox 657 1207 720 1272; x_wconf 90' lang='lat' dir='ltr'><strong>quo</strong></span> <span class='ocrx_word' id='word_1_42' title='bbox 743 1207 876 1250; x_wconf 90' lang='lat' dir='ltr'><strong>munere</strong></span> <span class='ocrx_word' id='word_1_43' title='bbox 894 1185 955 1249; x_wconf 87' lang='lat' dir='ltr'>sibi</span> <span class='ocrx_word' id='word_1_44' title='bbox 977 1186 1148 1251; x_wconf 84' lang='lat' dir='ltr'><strong>commisso</strong></span> <span class='ocrx_word' id='word_1_45' title='bbox 1255 1258 1259 1264; x_wconf 60' lang='grc'><strong>,</strong></span> 
     </span>
    </p>
   </div>
   <div class='ocr_carea' id='block_1_4' title="bbox 124 1298 1149 1743">
    <p class='ocr_par' dir='ltr' id='par_1_4' title="bbox 125 1298 604 1389">
     <span class='ocr_line' id='line_1_7' title="bbox 125 1298 604 1389; baseline 0.002 -25"><span class='ocrx_word' id='word_1_46' title='bbox 125 1299 207 1364; x_wconf 88' lang='lat' dir='ltr'><strong>bene</strong></span> <span class='ocrx_word' id='word_1_47' title='bbox 231 1315 264 1364; x_wconf 89' lang='lat' dir='ltr'><strong>et</strong></span> <span class='ocrx_word' id='word_1_48' title='bbox 285 1298 423 1365; x_wconf 87' lang='lat' dir='ltr'><strong>fideliter</strong></span> <span class='ocrx_word' id='word_1_49' title='bbox 444 1301 604 1389; x_wconf 81' lang='lat' dir='ltr'><strong>fungatur.</strong></span> 
     </span>
    </p>

    <p class='ocr_par' dir='ltr' id='par_1_5' title="bbox 124 1414 1149 1599">
     <span class='ocr_line' id='line_1_8' title="bbox 168 1414 1149 1502; baseline 0.005 -22"><span class='ocrx_word' id='word_1_50' title='bbox 168 1414 308 1480; x_wconf 77' lang='lat' dir='ltr'><em>Libellus</em></span> <span class='ocrx_word' id='word_1_51' title='bbox 344 1417 384 1482; x_wconf 80' lang='lat' dir='ltr'><strong>cle</strong></span> <span class='ocrx_word' id='word_1_52' title='bbox 417 1424 481 1481; x_wconf 63' lang='lat' dir='ltr'><strong>sna</strong></span> <span class='ocrx_word' id='word_1_53' title='bbox 516 1415 602 1482; x_wconf 78' lang='lat' dir='ltr'><strong>urbis</strong></span> <span class='ocrx_word' id='word_1_54' title='bbox 637 1419 861 1502; x_wconf 77' lang='lat' dir='ltr'><em>Hierusalem,</em></span> <span class='ocrx_word' id='word_1_55' title='bbox 898 1428 963 1487; x_wconf 77' lang='lat' dir='ltr'><strong>stre</strong></span> <span class='ocrx_word' id='word_1_56' title='bbox 997 1421 1039 1484; x_wconf 84' lang='lat' dir='ltr'><strong>de</strong></span> <span class='ocrx_word' id='word_1_57' title='bbox 1071 1421 1149 1486; x_wconf 83' lang='lat' dir='ltr'><strong>locis</strong></span> 
     </span>
     <span class='ocr_line' id='line_1_9' title="bbox 124 1541 257 1599; baseline 0.023 -3"><span class='ocrx_word' id='word_1_58' title='bbox 124 1541 257 1599; x_wconf 67' lang='lat' dir='ltr'><strong>senens.</strong></span> 
     </span>
    </p>

    <p class='ocr_par' dir='ltr' id='par_1_6' title="bbox 170 1650 1149 1743">
     <span class='ocr_line' id='line_1_10' title="bbox 170 1650 1149 1743; baseline 0.007 -29"><span class='ocrx_word' id='word_1_59' title='bbox 170 1650 339 1740; x_wconf 81' lang='lat' dir='ltr'><strong>Superest,</strong></span> <span class='ocrx_word' id='word_1_60' title='bbox 376 1667 412 1716; x_wconf 89' lang='lat' dir='ltr'><strong>ut</strong></span> <span class='ocrx_word' id='word_1_61' title='bbox 439 1651 479 1716; x_wconf 92' lang='lat' dir='ltr'><strong>de</strong></span> <span class='ocrx_word' id='word_1_62' title='bbox 509 1653 573 1716; x_wconf 85' lang='lat' dir='ltr'><strong>hoe</strong></span> <span class='ocrx_word' id='word_1_63' title='bbox 606 1653 737 1736; x_wconf 83' lang='lat' dir='ltr'><strong>libello,</strong></span> <span class='ocrx_word' id='word_1_64' title='bbox 771 1653 868 1743; x_wconf 80' lang='lat' dir='ltr'><strong>longe</strong></span> <span class='ocrx_word' id='word_1_65' title='bbox 897 1667 972 1719; x_wconf 86' lang='lat' dir='ltr'><strong>ante</strong></span> <span class='ocrx_word' id='word_1_66' title='bbox 1006 1654 1149 1720; x_wconf 85' lang='lat' dir='ltr'><strong>indicem</strong></span> 
     </span>
    </p>
   </div>
   <div class='ocr_carea' id='block_1_5' title="bbox 17 1768 1153 2446">
    <p class='ocr_par' dir='ltr' id='par_1_7' title="bbox 17 1768 1153 2446">
     <span class='ocr_line' id='line_1_11' title="bbox 123 1768 1150 1861; baseline 0.003 -27"><span class='ocrx_word' id='word_1_67' title='bbox 123 1769 263 1856; x_wconf 88' lang='lat' dir='ltr'><strong>scripto,</strong></span> <span class='ocrx_word' id='word_1_68' title='bbox 281 1768 436 1856; x_wconf 84' lang='lat' dir='ltr'><strong>quaedam</strong></span> <span class='ocrx_word' id='word_1_69' title='bbox 450 1785 608 1836; x_wconf 87' lang='lat' dir='ltr'><strong>notemus.</strong></span> <span class='ocrx_word' id='word_1_70' title='bbox 649 1771 732 1836; x_wconf 89' lang='lat' dir='ltr'><strong>Cum</strong></span> <span class='ocrx_word' id='word_1_71' title='bbox 744 1773 859 1836; x_wconf 83' lang='lat' dir='ltr'><strong>ceteris</strong></span> <span class='ocrx_word' id='word_1_72' title='bbox 872 1794 976 1836; x_wconf 74' lang='lat' dir='ltr'><strong>nnana</strong></span> <span class='ocrx_word' id='word_1_73' title='bbox 992 1773 1150 1861; x_wconf 78' lang='lat' dir='ltr'><strong>Operibus</strong></span> 
     </span>
     <span class='ocr_line' id='line_1_12' title="bbox 125 1884 1150 1978; baseline 0.005 -28"><span class='ocrx_word' id='word_1_74' title='bbox 125 1886 160 1950; x_wconf 90' lang='lat' dir='ltr'><strong>in</strong></span> <span class='ocrx_word' id='word_1_75' title='bbox 176 1884 278 1951; x_wconf 91' lang='lat' dir='ltr'><strong>Editt.</strong></span> <span class='ocrx_word' id='word_1_76' title='bbox 290 1888 384 1951; x_wconf 91' lang='lat' dir='ltr'><strong>Basil.</strong></span> <span class='ocrx_word' id='word_1_77' title='bbox 396 1903 430 1951; x_wconf 94' lang='lat' dir='ltr'><strong>et</strong></span> <span class='ocrx_word' id='word_1_78' title='bbox 442 1888 559 1953; x_wconf 87' lang='lat' dir='ltr'><strong>Goion.</strong></span> <span class='ocrx_word' id='word_1_79' title='bbox 579 1888 674 1954; x_wconf 89' lang='lat' dir='ltr'><strong>Tom.</strong></span> <span class='ocrx_word' id='word_1_80' title='bbox 686 1890 743 1954; x_wconf 89' lang='grc' dir='ltr'><strong>ΠΙ.</strong></span> <span class='ocrx_word' id='word_1_81' title='bbox 763 1889 900 1972; x_wconf 88' lang='lat' dir='ltr'><strong>editum,</strong></span> <span class='ocrx_word' id='word_1_82' title='bbox 919 1913 1054 1978; x_wconf 87' lang='lat' dir='ltr'><strong>eumque</strong></span> <span class='ocrx_word' id='word_1_83' title='bbox 1070 1889 1150 1954; x_wconf 91' lang='lat' dir='ltr'><strong>duo-</strong></span> 
     </span>
     <span class='ocr_line' id='line_1_13' title="bbox 126 2001 1151 2093; baseline 0.003 -28"><span class='ocrx_word' id='word_1_84' title='bbox 126 2002 188 2066; x_wconf 88' lang='lat' dir='ltr'><strong>bus</strong></span> <span class='ocrx_word' id='word_1_85' title='bbox 207 2001 310 2068; x_wconf 84' lang='lat' dir='ltr'><strong>Codd.</strong></span> <span class='ocrx_word' id='word_1_86' title='bbox 329 2002 422 2068; x_wconf 87' lang='lat' dir='ltr'><strong>MSS.</strong></span> <span class='ocrx_word' id='word_1_87' title='bbox 444 2005 580 2093; x_wconf 82' lang='lat' dir='ltr'><strong>antiquis</strong></span> <span class='ocrx_word' id='word_1_88' title='bbox 602 2005 775 2089; x_wconf 87' lang='lat' dir='ltr'><strong>collatum,</strong></span> <span class='ocrx_word' id='word_1_89' title='bbox 797 2029 873 2071; x_wconf 88' lang='lat' dir='ltr'><strong>suae</strong></span> <span class='ocrx_word' id='word_1_90' title='bbox 891 2007 988 2070; x_wconf 86' lang='lat' dir='ltr'><strong>etiarn</strong></span> <span class='ocrx_word' id='word_1_91' title='bbox 1007 2006 1151 2071; x_wconf 86' lang='lat' dir='ltr'><strong>Editioni</strong></span> 
     </span>
     <span class='ocr_line' id='line_1_14' title="bbox 17 2120 1148 2210; baseline 0.003 -27"><span class='ocrx_word' id='word_1_92' title='bbox 17 2187 24 2196; x_wconf 68' lang='grc'>,</span> <span class='ocrx_word' id='word_1_93' title='bbox 126 2142 199 2184; x_wconf 90' lang='lat' dir='ltr'><strong>eum</strong></span> <span class='ocrx_word' id='word_1_94' title='bbox 219 2120 350 2184; x_wconf 89' lang='lat' dir='ltr'><strong>inseruit</strong></span> <span class='ocrx_word' id='word_1_95' title='bbox 366 2144 478 2187; x_wconf 72' lang='lat' dir='ltr'><strong>surra.</strong></span> <span class='ocrx_word' id='word_1_96' title='bbox 526 2123 639 2210; x_wconf 88' lang='lat' dir='ltr'><em>Neque</em></span> <span class='ocrx_word' id='word_1_97' title='bbox 653 2145 819 2210; x_wconf 89' lang='lat' dir='ltr'><strong>possumus</strong></span> <span class='ocrx_word' id='word_1_98' title='bbox 835 2145 901 2186; x_wconf 90' lang='lat' dir='ltr'><strong>non</strong></span> <span class='ocrx_word' id='word_1_99' title='bbox 921 2122 1073 2188; x_wconf 80' lang='lat' dir='ltr'><strong>adsentiri</strong></span> <span class='ocrx_word' id='word_1_100' title='bbox 1091 2124 1148 2207; x_wconf 90' lang='lat' dir='ltr'><strong>iis,</strong></span> 
     </span>
     <span class='ocr_line' id='line_1_15' title="bbox 128 2234 1153 2328; baseline 0.005 -30"><span class='ocrx_word' id='word_1_101' title='bbox 128 2237 181 2323; x_wconf 89' lang='lat' dir='ltr'><strong>qui</strong></span> <span class='ocrx_word' id='word_1_102' title='bbox 202 2234 294 2322; x_wconf 83' lang='lat' dir='ltr'><strong>hujus</strong></span> <span class='ocrx_word' id='word_1_103' title='bbox 312 2238 510 2326; x_wconf 81' lang='lat' dir='ltr'><strong>scriptionis,</strong></span> <span class='ocrx_word' id='word_1_104' title='bbox 530 2239 672 2325; x_wconf 61' lang='lat' dir='ltr'><strong>quanam</strong></span> <span class='ocrx_word' id='word_1_105' title='bbox 692 2240 780 2304; x_wconf 84' lang='lat' dir='ltr'><strong>varia</strong></span> <span class='ocrx_word' id='word_1_106' title='bbox 798 2240 944 2304; x_wconf 90' lang='lat' dir='ltr'><strong>continet</strong></span> <span class='ocrx_word' id='word_1_107' title='bbox 958 2242 1062 2305; x_wconf 89' lang='lat' dir='ltr'><strong>minus</strong></span> <span class='ocrx_word' id='word_1_108' title='bbox 1078 2263 1153 2328; x_wconf 92' lang='lat' dir='ltr'><strong>pro·</strong></span> 
     </span>
     <span class='ocr_line' id='line_1_16' title="bbox 126 2342 1153 2446; baseline 0.002 -28"><span class='ocrx_word' id='word_1_109' title='bbox 126 2352 234 2418; x_wconf 86' lang='lat' dir='ltr'><strong>banda</strong></span> <span class='ocrx_word' id='word_1_110' title='bbox 253 2353 317 2442; x_wconf 90' lang='lat'><strong>(1),</strong></span> <span class='ocrx_word' id='word_1_111' title='bbox 342 2342 452 2418; x_wconf 66' lang='lat' dir='ltr'><strong>anonas</strong></span> <span class='ocrx_word' id='word_1_112' title='bbox 473 2378 584 2420; x_wconf 89' lang='lat' dir='ltr'><strong>verum</strong></span> <span class='ocrx_word' id='word_1_113' title='bbox 607 2371 773 2446; x_wconf 85' lang='lat' dir='ltr'><strong>auctorem</strong></span> <span class='ocrx_word' id='word_1_114' title='bbox 793 2378 860 2420; x_wconf 89' lang='lat' dir='ltr'><strong>esse</strong></span> <span class='ocrx_word' id='word_1_115' title='bbox 883 2357 1066 2444; x_wconf 83' lang='lat' dir='ltr'><strong>opinantur.</strong></span> <span class='ocrx_word' id='word_1_116' title='bbox 1113 2358 1153 2421; x_wconf 91' lang='lat' dir='ltr'><strong>In</strong></span> 
     </span>
    </p>
   </div>
   <div class='ocr_carea' id='block_1_6' title="bbox 127 2469 1154 3264">
    <p class='ocr_par' dir='ltr' id='par_1_8' title="bbox 127 2469 1154 3264">
     <span class='ocr_line' id='line_1_17' title="bbox 127 2469 1150 2561; baseline 0.002 -26"><span class='ocrx_word' id='word_1_117' title='bbox 127 2469 192 2535; x_wconf 89' lang='lat' dir='ltr'><strong>fine</strong></span> <span class='ocrx_word' id='word_1_118' title='bbox 222 2485 308 2535; x_wconf 88' lang='lat' dir='ltr'><strong>certe</strong></span> <span class='ocrx_word' id='word_1_119' title='bbox 339 2494 528 2535; x_wconf 78' lang='lat' dir='ltr'><strong>sncnnrnns</strong></span> <span class='ocrx_word' id='word_1_120' title='bbox 556 2469 705 2558; x_wconf 88' lang='lat' dir='ltr'><strong>quidam,</strong></span> <span class='ocrx_word' id='word_1_121' title='bbox 747 2473 924 2539; x_wconf 82' lang='lat' dir='ltr'><strong>Galliarum</strong></span> <span class='ocrx_word' id='word_1_122' title='bbox 953 2474 1150 2561; x_wconf 85' lang='lat' dir='ltr'><strong>Episcopus,</strong></span> 
     </span>
     <span class='ocr_line' id='line_1_18' title="bbox 129 2569 1153 2679; baseline 0.002 -27"><span class='ocrx_word' id='word_1_123' title='bbox 129 2611 225 2676; x_wconf 88' lang='lat' dir='ltr'><strong>quum</strong></span> <span class='ocrx_word' id='word_1_124' title='bbox 252 2589 324 2652; x_wconf 87' lang='lat' dir='ltr'><strong>loca</strong></span> <span class='ocrx_word' id='word_1_125' title='bbox 346 2603 455 2652; x_wconf 88' lang='lat' dir='ltr'><strong>saneta</strong></span> <span class='ocrx_word' id='word_1_126' title='bbox 482 2569 629 2652; x_wconf 90' lang='lat' dir='ltr'><strong>visitandi</strong></span> <span class='ocrx_word' id='word_1_127' title='bbox 658 2591 761 2679; x_wconf 84' lang='lat' dir='ltr'><strong>gratia</strong></span> <span class='ocrx_word' id='word_1_128' title='bbox 794 2590 931 2678; x_wconf 85' lang='lat' dir='ltr'><strong>patriam</strong></span> <span class='ocrx_word' id='word_1_129' title='bbox 960 2590 1153 2676; x_wconf 85' lang='lat' dir='ltr'><strong>reliquerat,</strong></span> 
     </span>
     <span class='ocr_line' id='line_1_19' title="bbox 127 2704 1149 2793; baseline 0 -23"><span class='ocrx_word' id='word_1_130' title='bbox 127 2705 354 2790; x_wconf 78' lang='lat' dir='ltr'><strong>Hierosolymis</strong></span> <span class='ocrx_word' id='word_1_131' title='bbox 381 2704 502 2793; x_wconf 88' lang='lat' dir='ltr'><strong>aliquot</strong></span> <span class='ocrx_word' id='word_1_132' title='bbox 526 2727 649 2770; x_wconf 88' lang='lat' dir='ltr'><strong>menses</strong></span> <span class='ocrx_word' id='word_1_133' title='bbox 674 2705 875 2789; x_wconf 88' lang='lat' dir='ltr'><strong>demoratus,</strong></span> <span class='ocrx_word' id='word_1_134' title='bbox 897 2706 1149 2788; x_wconf 76' lang='lat' dir='ltr'><strong>Alexandriam,</strong></span> 
     </span>
     <span class='ocr_line' id='line_1_20' title="bbox 127 2823 1151 2913; baseline 0.003 -27"><span class='ocrx_word' id='word_1_135' title='bbox 127 2823 344 2904; x_wconf 83' lang='lat' dir='ltr'><strong>Damascum,</strong></span> <span class='ocrx_word' id='word_1_136' title='bbox 382 2823 673 2911; x_wconf 85' lang='lat' dir='ltr'><strong>Constantinopolin</strong></span> <span class='ocrx_word' id='word_1_137' title='bbox 707 2838 739 2888; x_wconf 91' lang='lat' dir='ltr'><strong>et</strong></span> <span class='ocrx_word' id='word_1_138' title='bbox 766 2824 909 2888; x_wconf 83' lang='lat' dir='ltr'><strong>Siciliam</strong></span> <span class='ocrx_word' id='word_1_139' title='bbox 938 2826 1151 2913; x_wconf 84' lang='lat' dir='ltr'><strong>percurrisse,</strong></span> 
     </span>
     <span class='ocr_line' id='line_1_21' title="bbox 128 2941 1154 3028; baseline 0 -22"><span class='ocrx_word' id='word_1_140' title='bbox 128 2941 293 3028; x_wconf 89' lang='lat' dir='ltr'><strong>ventisque</strong></span> <span class='ocrx_word' id='word_1_141' title='bbox 318 2942 485 3006; x_wconf 88' lang='lat' dir='ltr'><strong>contrariis</strong></span> <span class='ocrx_word' id='word_1_142' title='bbox 506 2942 541 3005; x_wconf 91' lang='lat' dir='ltr'><strong>in</strong></span> <span class='ocrx_word' id='word_1_143' title='bbox 555 2943 746 3006; x_wconf 81' lang='lat' dir='ltr'><strong>Britanniae</strong></span> <span class='ocrx_word' id='word_1_144' title='bbox 766 2942 862 3007; x_wconf 90' lang='lat' dir='ltr'><strong>litora</strong></span> <span class='ocrx_word' id='word_1_145' title='bbox 879 2942 980 3008; x_wconf 87' lang='lat' dir='ltr'><strong>redux</strong></span> <span class='ocrx_word' id='word_1_146' title='bbox 1003 2942 1154 3008; x_wconf 90' lang='lat' dir='ltr'><strong>advectus</strong></span> 
     </span>
     <span class='ocr_line' id='line_1_22' title="bbox 130 3059 1153 3149; baseline -0.003 -23"><span class='ocrx_word' id='word_1_147' title='bbox 130 3083 196 3126; x_wconf 85' lang='lat' dir='ltr'><strong>esse</strong></span> <span class='ocrx_word' id='word_1_148' title='bbox 215 3059 344 3125; x_wconf 90' lang='lat' dir='ltr'><strong>dicitur.</strong></span> <span class='ocrx_word' id='word_1_149' title='bbox 391 3060 461 3122; x_wconf 89' lang='lat' dir='ltr'><strong>Jam</strong></span> <span class='ocrx_word' id='word_1_150' title='bbox 475 3060 529 3122; x_wconf 92' lang='lat' dir='ltr'><strong>hic</strong></span> <span class='ocrx_word' id='word_1_151' title='bbox 550 3083 602 3142; x_wconf 88' lang='lat' dir='ltr'><strong>ea,</strong></span> <span class='ocrx_word' id='word_1_152' title='bbox 628 3083 708 3146; x_wconf 89' lang='lat' dir='ltr'><strong>quae</strong></span> <span class='ocrx_word' id='word_1_153' title='bbox 726 3059 851 3124; x_wconf 87' lang='lat' dir='ltr'><strong>viderat</strong></span> <span class='ocrx_word' id='word_1_154' title='bbox 867 3077 899 3124; x_wconf 89' lang='lat' dir='ltr'><strong>et</strong></span> <span class='ocrx_word' id='word_1_155' title='bbox 916 3060 1153 3149; x_wconf 85' lang='lat' dir='ltr'><strong>exploraverat,</strong></span> 
     </span>
     <span class='ocr_line' id='line_1_23' title="bbox 129 3177 1153 3264; baseline -0.006 -22"><span class='ocrx_word' id='word_1_156' title='bbox 129 3178 413 3242; x_wconf 68' lang='lat' dir='ltr'><strong>communicavisset</strong></span> <span class='ocrx_word' id='word_1_157' title='bbox 428 3193 573 3240; x_wconf 83' lang='lat' dir='ltr'><strong>narratur</strong></span> <span class='ocrx_word' id='word_1_158' title='bbox 591 3200 665 3240; x_wconf 88' lang='lat' dir='ltr'><strong>curn</strong></span> <span class='ocrx_word' id='word_1_159' title='bbox 681 3200 861 3242; x_wconf 76' lang='lat' dir='ltr'><strong>nosnvtrvo</strong></span> <span class='ocrx_word' id='word_1_160' title='bbox 875 3178 1083 3264; x_wconf 80' lang='lat' dir='ltr'><strong>Presbytero,</strong></span> <span class='ocrx_word' id='word_1_161' title='bbox 1099 3177 1153 3262; x_wconf 92' lang='lat' dir='ltr'><strong>qni</strong></span> 
     </span>
    </p>
   </div>
   <div class='ocr_carea' id='block_1_7' title="bbox 128 3291 1153 3382">
    <p class='ocr_par' dir='ltr' id='par_1_9' title="bbox 128 3291 1153 3382">
     <span class='ocr_line' id='line_1_24' title="bbox 128 3291 1153 3382; baseline -0.006 -23"><span class='ocrx_word' id='word_1_162' title='bbox 128 3319 168 3360; x_wconf 83' lang='lat' dir='ltr'><strong>ex</strong></span> <span class='ocrx_word' id='word_1_163' title='bbox 194 3299 261 3380; x_wconf 88' lang='lat' dir='ltr'><strong>ejus</strong></span> <span class='ocrx_word' id='word_1_164' title='bbox 284 3293 409 3358; x_wconf 85' lang='lat' dir='ltr'><strong>dictatis</strong></span> <span class='ocrx_word' id='word_1_165' title='bbox 432 3310 494 3356; x_wconf 85' lang='lat' dir='ltr'><strong>tres</strong></span> <span class='ocrx_word' id='word_1_166' title='bbox 523 3292 622 3356; x_wconf 82' lang='lat' dir='ltr'><strong>libros</strong></span> <span class='ocrx_word' id='word_1_167' title='bbox 649 3311 878 3382; x_wconf 76' lang='lat' dir='ltr'><strong>conrponcret5</strong></span> <span class='ocrx_word' id='word_1_168' title='bbox 904 3311 998 3380; x_wconf 88' lang='lat' dir='ltr'><strong>atque</strong></span> <span class='ocrx_word' id='word_1_169' title='bbox 1019 3294 1093 3356; x_wconf 85' lang='lat' dir='ltr'><strong>irinc</strong></span> <span class='ocrx_word' id='word_1_170' title='bbox 1117 3291 1153 3354; x_wconf 89' lang='lat' dir='ltr'><strong>li-</strong></span> 
     </span>
    </p>
   </div>
   <div class='ocr_carea' id='block_1_8' title="bbox 172 3579 1156 4232">
    <p class='ocr_par' dir='ltr' id='par_1_10' title="bbox 172 3579 1156 4232">
     <span class='ocr_line' id='line_1_25' title="bbox 172 3579 1153 3650; baseline -0.001 -17"><span class='ocrx_word' id='word_1_171' title='bbox 172 3581 213 3650; x_wconf 82' lang='lat'><strong>(1)</strong></span> <span class='ocrx_word' id='word_1_172' title='bbox 233 3581 270 3632; x_wconf 84' lang='lat' dir='ltr'><strong>Ita</strong></span> <span class='ocrx_word' id='word_1_173' title='bbox 291 3581 325 3632; x_wconf 85' lang='lat' dir='ltr'><strong>de</strong></span> <span class='ocrx_word' id='word_1_174' title='bbox 347 3596 377 3631; x_wconf 78' lang='lat' dir='ltr'><strong>ee</strong></span> <span class='ocrx_word' id='word_1_175' title='bbox 396 3579 495 3649; x_wconf 84' lang='lat' dir='ltr'><strong>judicat</strong></span> <span class='ocrx_word' id='word_1_176' title='bbox 517 3579 622 3630; x_wconf 88' lang='lat' dir='ltr'><strong>doctiss.</strong></span> <span class='ocrx_word' id='word_1_177' title='bbox 637 3593 767 3631; x_wconf 76' lang='lat' dir='ltr'><strong>cruram</strong></span> <span class='ocrx_word' id='word_1_178' title='bbox 783 3583 812 3632; x_wconf 88' lang='lat' dir='ltr'><strong>in</strong></span> <span class='ocrx_word' id='word_1_179' title='bbox 825 3582 921 3646; x_wconf 80' lang='lat' dir='ltr'><strong>Biogr.</strong></span> <span class='ocrx_word' id='word_1_180' title='bbox 937 3582 1010 3633; x_wconf 82' lang='lat' dir='ltr'><strong>Brit.</strong></span> <span class='ocrx_word' id='word_1_181' title='bbox 1028 3580 1117 3632; x_wconf 76' lang='lat' dir='ltr'><strong>«uhts</strong></span> <span class='ocrx_word' id='word_1_182' title='bbox 1130 3583 1153 3632; x_wconf 88' lang='lat' dir='ltr'><strong>is</strong></span> 
     </span>
     <span class='ocr_line' id='line_1_26' title="bbox 231 3663 1156 3734; baseline -0.002 -17"><span class='ocrx_word' id='word_1_183' title='bbox 231 3665 396 3734; x_wconf 69' lang='lat' dir='ltr'><strong>confessedly</strong></span> <span class='ocrx_word' id='word_1_184' title='bbox 417 3664 494 3716; x_wconf 83' lang='lat' dir='ltr'><strong>taken</strong></span> <span class='ocrx_word' id='word_1_185' title='bbox 515 3675 559 3716; x_wconf 92' lang='lat' dir='ltr'><strong>ont</strong></span> <span class='ocrx_word' id='word_1_186' title='bbox 577 3663 606 3714; x_wconf 87' lang='lat' dir='ltr'><strong>oi</strong></span> <span class='ocrx_word' id='word_1_187' title='bbox 619 3681 634 3714; x_wconf 81' lang='lat' dir='ltr'><strong>a</strong></span> <span class='ocrx_word' id='word_1_188' title='bbox 648 3663 716 3715; x_wconf 86' lang='lat' dir='ltr'><strong>book</strong></span> <span class='ocrx_word' id='word_1_189' title='bbox 734 3666 838 3716; x_wconf 83' lang='lat' dir='ltr'><strong>vritten</strong></span> <span class='ocrx_word' id='word_1_190' title='bbox 859 3683 894 3716; x_wconf 91' lang='lat' dir='ltr'><strong>on</strong></span> <span class='ocrx_word' id='word_1_191' title='bbox 908 3664 953 3716; x_wconf 82' lang='lat' dir='ltr'><strong>tlte</strong></span> <span class='ocrx_word' id='word_1_192' title='bbox 969 3681 1038 3716; x_wconf 77' lang='lat' dir='ltr'><strong>same</strong></span> <span class='ocrx_word' id='word_1_193' title='bbox 1052 3664 1156 3733; x_wconf 81' lang='lat' dir='ltr'><strong>subject</strong></span> 
     </span>
     <span class='ocr_line' id='line_1_27' title="bbox 235 3745 1154 3817; baseline -0.002 -18"><span class='ocrx_word' id='word_1_194' title='bbox 235 3749 270 3817; x_wconf 73' lang='lat' dir='ltr'><strong>by</strong></span> <span class='ocrx_word' id='word_1_195' title='bbox 291 3748 476 3810; x_wconf 75' lang='lat' dir='ltr'><strong>Adamnenus,</strong></span> <span class='ocrx_word' id='word_1_196' title='bbox 495 3746 546 3798; x_wconf 80' lang='lat' dir='ltr'><strong>and</strong></span> <span class='ocrx_word' id='word_1_197' title='bbox 568 3747 591 3797; x_wconf 84' lang='lat' dir='ltr'><strong>is</strong></span> <span class='ocrx_word' id='word_1_198' title='bbox 608 3745 657 3798; x_wconf 84' lang='lat' dir='ltr'><strong>tull</strong></span> <span class='ocrx_word' id='word_1_199' title='bbox 674 3746 703 3797; x_wconf 86' lang='lat' dir='ltr'><strong>oi</strong></span> <span class='ocrx_word' id='word_1_200' title='bbox 717 3748 884 3815; x_wconf 73' lang='lat' dir='ltr'><strong>superstition</strong></span> <span class='ocrx_word' id='word_1_201' title='bbox 899 3747 951 3798; x_wconf 78' lang='lat' dir='ltr'><strong>and</strong></span> <span class='ocrx_word' id='word_1_202' title='bbox 965 3748 1064 3810; x_wconf 70' lang='lat' dir='ltr'><strong>rables,</strong></span> <span class='ocrx_word' id='word_1_203' title='bbox 1084 3765 1112 3797; x_wconf 89' lang='lat' dir='ltr'><strong>so</strong></span> <span class='ocrx_word' id='word_1_204' title='bbox 1128 3765 1154 3798; x_wconf 80' lang='lat' dir='ltr'><strong>es</strong></span> 
     </span>
     <span class='ocr_line' id='line_1_28' title="bbox 231 3829 1155 3885; baseline -0.004 -2"><span class='ocrx_word' id='word_1_205' title='bbox 231 3844 257 3884; x_wconf 93' lang='lat' dir='ltr'><strong>to</strong></span> <span class='ocrx_word' id='word_1_206' title='bbox 272 3833 336 3885; x_wconf 82' lang='lat' dir='ltr'><strong>heve</strong></span> <span class='ocrx_word' id='word_1_207' title='bbox 352 3831 488 3884; x_wconf 84' lang='lat' dir='ltr'><strong>inrnished</strong></span> <span class='ocrx_word' id='word_1_208' title='bbox 504 3831 567 3882; x_wconf 87' lang='lat' dir='ltr'><strong>such</strong></span> <span class='ocrx_word' id='word_1_209' title='bbox 581 3848 608 3882; x_wconf 82' lang='lat' dir='ltr'><strong>as</strong></span> <span class='ocrx_word' id='word_1_210' title='bbox 623 3830 688 3881; x_wconf 77' lang='lat' dir='ltr'><strong>heve</strong></span> <span class='ocrx_word' id='word_1_211' title='bbox 701 3829 829 3881; x_wconf 84' lang='lat' dir='ltr'><strong>censured</strong></span> <span class='ocrx_word' id='word_1_212' title='bbox 843 3847 889 3882; x_wconf 88' lang='lat' dir='ltr'><strong>our</strong></span> <span class='ocrx_word' id='word_1_213' title='bbox 903 3830 996 3882; x_wconf 87' lang='lat' dir='ltr'><strong>author</strong></span> <span class='ocrx_word' id='word_1_214' title='bbox 1008 3830 1073 3882; x_wconf 75' lang='lat' dir='ltr'><strong>vitia</strong></span> <span class='ocrx_word' id='word_1_215' title='bbox 1086 3839 1155 3880; x_wconf 86' lang='lat' dir='ltr'><strong>most</strong></span> 
     </span>
     <span class='ocr_line' id='line_1_29' title="bbox 232 3911 1153 3983; baseline -0.007 -16"><span class='ocrx_word' id='word_1_216' title='bbox 232 3915 261 3967; x_wconf 87' lang='lat' dir='ltr'><strong>oi</strong></span> <span class='ocrx_word' id='word_1_217' title='bbox 274 3916 342 3966; x_wconf 84' lang='lat' dir='ltr'><strong>their</strong></span> <span class='ocrx_word' id='word_1_218' title='bbox 358 3916 523 3983; x_wconf 75' lang='lat' dir='ltr'><strong>quotations„</strong></span> <span class='ocrx_word' id='word_1_219' title='bbox 542 3925 568 3966; x_wconf 87' lang='lat' dir='ltr'><strong>to</strong></span> <span class='ocrx_word' id='word_1_220' title='bbox 585 3912 709 3964; x_wconf 76' lang='lat' dir='ltr'><strong>discredit</strong></span> <span class='ocrx_word' id='word_1_221' title='bbox 721 3913 764 3962; x_wconf 87' lang='lat' dir='ltr'><strong>his</strong></span> <span class='ocrx_word' id='word_1_222' title='bbox 777 3913 910 3980; x_wconf 74' lang='lat' dir='ltr'><strong>writings3</strong></span> <span class='ocrx_word' id='word_1_223' title='bbox 928 3911 986 3963; x_wconf 82' lang='lat' dir='ltr'><strong>hon</strong></span> <span class='ocrx_word' id='word_1_224' title='bbox 1002 3911 1153 3980; x_wconf 56' lang='lat' dir='ltr'><strong>equitabis,</strong></span> 
     </span>
     <span class='ocr_line' id='line_1_30' title="bbox 235 3995 1156 4064; baseline -0.003 -15"><span class='ocrx_word' id='word_1_225' title='bbox 235 3997 280 4050; x_wconf 87' lang='lat' dir='ltr'><strong>the</strong></span> <span class='ocrx_word' id='word_1_226' title='bbox 301 3997 396 4048; x_wconf 84' lang='lat' dir='ltr'><strong>candid</strong></span> <span class='ocrx_word' id='word_1_227' title='bbox 417 3997 469 4046; x_wconf 82' lang='lat' dir='ltr'><strong>and</strong></span> <span class='ocrx_word' id='word_1_228' title='bbox 480 3995 613 4064; x_wconf 85' lang='lat' dir='ltr'><strong>judicious</strong></span> <span class='ocrx_word' id='word_1_229' title='bbox 628 3997 719 4047; x_wconf 89' lang='lat' dir='ltr'><strong>reader</strong></span> <span class='ocrx_word' id='word_1_230' title='bbox 734 4014 793 4064; x_wconf 67' lang='lat' dir='ltr'><strong>may</strong></span> <span class='ocrx_word' id='word_1_231' title='bbox 804 3995 919 4064; x_wconf 78' lang='lat' dir='ltr'><strong>jndge.»</strong></span> <span class='ocrx_word' id='word_1_232' title='bbox 938 3996 970 4046; x_wconf 82' lang='lat' dir='ltr'><strong>ltt</strong></span> <span class='ocrx_word' id='word_1_233' title='bbox 984 4013 1062 4060; x_wconf 85' lang='lat' dir='ltr'><strong>vero,</strong></span> <span class='ocrx_word' id='word_1_234' title='bbox 1078 4013 1156 4047; x_wconf 89' lang='lat' dir='ltr'><strong>com·</strong></span> 
     </span>
     <span class='ocr_line' id='line_1_31' title="bbox 234 4078 1153 4148; baseline -0.004 -14"><span class='ocrx_word' id='word_1_235' title='bbox 234 4093 339 4146; x_wconf 82' lang='lat' dir='ltr'><strong>menta,</strong></span> <span class='ocrx_word' id='word_1_236' title='bbox 365 4081 461 4148; x_wconf 88' lang='lat' dir='ltr'><strong>quibus</strong></span> <span class='ocrx_word' id='word_1_237' title='bbox 484 4081 512 4130; x_wconf 93' lang='lat' dir='ltr'><strong>in</strong></span> <span class='ocrx_word' id='word_1_238' title='bbox 534 4079 583 4130; x_wconf 79' lang='lat' dir='ltr'><strong>hoo</strong></span> <span class='ocrx_word' id='word_1_239' title='bbox 604 4078 697 4131; x_wconf 89' lang='lat' dir='ltr'><strong>libello</strong></span> <span class='ocrx_word' id='word_1_240' title='bbox 715 4079 890 4143; x_wconf 82' lang='lat' dir='ltr'><strong>offendimur,</strong></span> <span class='ocrx_word' id='word_1_241' title='bbox 909 4096 962 4130; x_wconf 91' lang='lat' dir='ltr'><strong>non</strong></span> <span class='ocrx_word' id='word_1_242' title='bbox 978 4080 1060 4148; x_wconf 84' lang='lat' dir='ltr'><strong>ipsius</strong></span> <span class='ocrx_word' id='word_1_243' title='bbox 1075 4094 1153 4132; x_wconf 68' lang='lat' dir='ltr'><strong>nsunt</strong></span> 
     </span>
     <span class='ocr_line' id='line_1_32' title="bbox 233 4161 1155 4232; baseline -0.001 -18"><span class='ocrx_word' id='word_1_244' title='bbox 233 4174 307 4214; x_wconf 82' lang='lat' dir='ltr'><strong>sunt:</strong></span> <span class='ocrx_word' id='word_1_245' title='bbox 335 4173 418 4214; x_wconf 83' lang='lat' dir='ltr'><strong>narrat</strong></span> <span class='ocrx_word' id='word_1_246' title='bbox 439 4161 637 4226; x_wconf 79' lang='lat' dir='ltr'><strong>tantummodo,</strong></span> <span class='ocrx_word' id='word_1_247' title='bbox 663 4179 730 4230; x_wconf 87' lang='lat' dir='ltr'><strong>quae</strong></span> <span class='ocrx_word' id='word_1_248' title='bbox 750 4164 862 4214; x_wconf 84' lang='lat' dir='ltr'><strong>virorum</strong></span> <span class='ocrx_word' id='word_1_249' title='bbox 878 4180 986 4232; x_wconf 73' lang='lat' dir='ltr'><strong>magnae</strong></span> <span class='ocrx_word' id='word_1_250' title='bbox 1002 4164 1155 4216; x_wconf 80' lang='lat' dir='ltr'><strong>auctoritatis</strong></span> 
     </span>
    </p>
   </div>
   <div class='ocr_carea' id='block_1_9' title="bbox 234 4247 836 4317">
    <p class='ocr_par' dir='ltr' id='par_1_11' title="bbox 234 4247 836 4317">
     <span class='ocr_line' id='line_1_33' title="bbox 234 4247 836 4317; baseline -0.003 -19"><span class='ocrx_word' id='word_1_251' title='bbox 234 4249 390 4304; x_wconf 84' lang='lat' dir='ltr'><strong>testimoniis</strong></span> <span class='ocrx_word' id='word_1_252' title='bbox 409 4247 485 4302; x_wconf 86' lang='lat' dir='ltr'><strong>relata</strong></span> <span class='ocrx_word' id='word_1_253' title='bbox 504 4259 529 4300; x_wconf 88' lang='lat' dir='ltr'><strong>et</strong></span> <span class='ocrx_word' id='word_1_254' title='bbox 547 4247 712 4317; x_wconf 87' lang='lat' dir='ltr'><strong>comprobata</strong></span> <span class='ocrx_word' id='word_1_255' title='bbox 730 4247 836 4314; x_wconf 78' lang='lat' dir='ltr'><strong>legerat.</strong></span> 
     </span>
    </p>
   </div>
   <div class='ocr_carea' id='block_1_10' title="bbox 1007 4369 1025 4431">
    <p class='ocr_par' dir='ltr' id='par_1_12' title="bbox 1007 4369 1025 4431">
     <span class='ocr_line' id='line_1_34' title="bbox 1007 4369 1025 4431; baseline 0 0"><span class='ocrx_word' id='word_1_256' title='bbox 1007 4369 1025 4431; x_wconf 87' lang='lat'><em>7</em></span> 
     </span>
    </p>
   </div>
   <div class='ocr_carea' id='block_1_11' title="bbox 0 0 1473 5392">
    <p class='ocr_par' dir='ltr' id='par_1_13' title="bbox 0 0 1473 5392">
     <span class='ocr_line' id='line_1_35' title="bbox 0 0 1473 5392; baseline 0 0"><span class='ocrx_word' id='word_1_257' title='bbox 0 0 1473 5392; x_wconf 95' lang='lat' dir='ltr'><strong> </strong></span> 
     </span>
    </p>
   </div>
  </div>
 </body>
</html>
