2909 5392
768 517 831 584 tot

420 711 547 783 pturus,
569 695 646 759 dum
664 698 770 786 primo
788 698 905 763 librum
922 723 948 763 s.
962 723 1128 764 munnu-
1139 725 1314 793 parumper

421 827 634 899 perscrutatus
647 811 774 880 fuere.»
797 814 903 881 Praef.
920 817 954 880 in
971 821 1190 885 Henameron.

289 924 363 992 Vita
388 951 573 995 curflsnnrr
594 931 690 1021 ligata
713 919 873 1022 primum,
895 935 998 999 solnta
1022 936 1138 1002 deinde
1164 937 1311 1003 oratione

287 1044 405 1134 scripta
421 1062 479 1112 est.

375 1162 501 1229 «Vitam
522 1165 662 1252 ejusdem
685 1169 849 1257 aliquanto
869 1170 999 1259 quidem
1013 1172 1159 1256 brevius,
1180 1171 1239 1239 sed
1253 1195 1312 1237 eo-

419 1280 494 1348 dem
526 1300 634 1349 tamen
670 1285 798 1367 ordine,
837 1289 975 1353 heroicis
1009 1286 1130 1354 dudum
1169 1290 1312 1355 versibus

420 1399 541 1470 edidi.»
564 1402 670 1468 Praei.
688 1404 720 1466 in
741 1406 849 1468 Vitam
865 1405 1064 1472 curnnnurr.

720 1668 906 1710 mv...

330 1874 498 1954 Onnmns,
520 1874 553 1936 in
569 1872 751 1948 Commeat.
779 1895 852 1963 cap.
868 1872 956 1940 VIII.
974 1897 1010 1962 p.
1034 1897 1135 1962 1702,
1153 1875 1311 1940 rationem

284 1991 441 2079 proponit
457 1989 599 2079 Operum
618 2014 722 2055 nnnnr
737 1993 772 2055 in
789 2007 952 2079 posterum
968 1990 1179 2058 edendorum.
1203 1993 1310 2058 Tomo

286 2107 383 2195 igitur
407 2107 513 2194 primo
546 2107 703 2172 contineri
725 2110 819 2194 jubet
849 2132 905 2191 ea,
938 2120 1021 2196 quae
1044 2124 1190 2198 spectant
1215 2111 1312 2175 Artes

286 2223 451 2288 Liberales'
477 2238 509 2288 et
534 2223 794 2313 Philosophiam,
824 2224 965 2290 secundo
994 2227 1250 2290 Commentarios
1274 2226 1310 2290 in

287 2338 328 2404 V.
357 2340 418 2421 T.,
449 2341 545 2404 tertio
575 2341 831 2405 Commentarios
861 2343 898 2406 in
924 2343 967 2407 N.
990 2343 1030 2407 T.
1059 2360 1092 2407 et
1117 2342 1309 2425 Sermones,

288 2471 402 2542 quarto
423 2457 541 2545 scripta
561 2456 602 2521 ad
620 2457 795 2522 Historiam
819 2458 1074 2523 Ecclesiasticam
1095 2459 1308 2548 pertinentia,

288 2571 425 2660 denique
446 2574 579 2657 ultimo,
606 2597 813 2662 quaecunque
837 2574 935 2642 dubia
961 2591 1015 2640 aut
1033 2577 1312 2642 incerti-auctoris

287 2706 376 2774 sunt,
393 2692 431 2755 iis
444 2693 576 2756 omnino
593 2692 744 2774 exclusis,
761 2715 841 2779 quae
858 2693 926 2756 aliis
938 2692 1153 2782 scriptoribus
1169 2691 1308 2758 debean·

286 2825 348 2877 tur.
396 2810 464 2874 Nos
479 2833 556 2874 vero
572 2811 802 2893 existimamus,
821 2813 920 2900 magis
936 2809 1226 2876 commendandam
1242 2833 1311 2877 esse

286 2927 440 3014 ejusmodi
454 2928 654 3012 Editionem,
670 2951 751 3016 quae
763 2928 900 2995 eundem
911 2946 1015 3004 servet
1027 2929 1193 3012 ordinem,
1212 2952 1307 3016 quem

285 3045 354 3134 ips'e
380 3069 463 3110 anna
490 3047 523 3110 in
552 3035 677 3135 scriptis
701 3049 764 3135 suis
787 3045 1008 3113 enumerandis
1032 3063 1159 3113 secutus
1182 3062 1246 3129 est,
1277 3061 1313 3111 et

286 3163 329 3230 ita
347 3163 494 3250 quidem,
516 3179 552 3226 ut
570 3163 728 3229 addantur
745 3167 807 3230 suis
822 3167 856 3229 in
878 3167 974 3249 locis,
992 3180 1168 3253 quotquot,
1184 3180 1310 3253 praeter

285 3281 356 3364 illa,
372 3283 486 3370 procul
501 3270 590 3346 omni
603 3282 702 3347 dubio
715 3281 756 3346 ad
769 3306 842 3348 eum
856 3282 1179 3372 pertinere'vidimus.
1196 3282 1309 3369 Neque

288 3421 305 3462 a
321 3400 489 3488 proposito
506 3416 616 3464 nostro
635 3401 773 3466 alienum
788 3416 952 3489 putamus,
975 3399 1029 3464 hic
1045 3399 1229 3482 ostendere,
1247 3421 1309 3487 qua

287 3515 412 3580 ratione
439 3505 524 3580 nova
549 3521 685 3605 operum
706 3540 810 3581 arnan
827 3517 936 3581 Editio
952 3516 1137 3581 instruenda
1150 3516 1307 3582 rideatur.

289 3631 386 3713 Quod
401 3633 512 3716 simul,
538 3633 656 3699 Indicis
674 3635 790 3718 instar,
813 3617 986 3718 librorum,
1008 3657 1088 3722 quos
1102 3657 1165 3699 nos
1180 3633 1310 3722 quidem

287 3752 441 3838 genuinos
466 3741 637 3835 hahemus,
663 3755 794 3818 brevem
813 3755 902 3841 quasi
922 3769 1130 3842 conspectum
1144 3768 1217 3817 ante
1233 3775 1311 3817 ocu·

287 3867 336 3931 los
351 3885 463 3955 ponet.
511 3871 652 3934 Breviter
676 3893 803 3958 quoque
819 3887 983 3954 notamus,
1007 3873 1064 3937 ubi
1084 3869 1199 3959 singuli
1219 3891 1310 3958 repe·

287 3985 347 4052 riri
366 3987 498 4074 possint.
