2909 5392
13 679 19 744 ἑ

13 823 16 862 t

13 941 15 980 ι

605 539 645 600 l·9

111 733 373 803 teramnanae
394 716 613 786 Universitatis
637 717 822 804 doctorem,
844 718 903 786 sub
923 739 1008 808 quo,
1027 717 1134 788 divina

107 839 313 923 permittente
338 837 460 926 gratia,
492 837 625 926 gradum
650 838 775 926 suscepi
799 837 999 907 doctoralem
1023 841 1066 906 A.
1091 840 1133 906 ab

108 955 331 1022 Incamatione
357 955 489 1024 Domini
517 955 598 1042 692,
622 955 750 1044 qualem
775 955 890 1020 habuit
913 957 1134 1042 injuventute

13 1059 14 1098 ³
106 1071 256 1138 studendi
280 1073 444 1157 animum,
481 1074 607 1161 qualem
639 1096 725 1139 nunc
752 1073 851 1138 habet
878 1073 963 1141 inter
986 1075 1134 1142 homines

105 1189 250 1274 laudem,
282 1207 314 1258 et
343 1193 446 1258 multo
482 1194 581 1282 magis
615 1191 700 1280 apud
728 1192 835 1256 Deum
866 1191 1135 1257 remunerationis

105 1307 254 1395 gloriam.
302 1307 418 1374 Valete
437 1331 562 1396 semper
585 1309 620 1372 in
639 1331 777 1374 cnnmrc
801 1331 893 1392 tntu,
919 1313 1009 1397 cujus
1030 1311 1135 1400 gratia

107 1423 290 1514 coadjuvati
313 1426 385 1490 estis
408 1426 442 1490 in
465 1424 626 1492 doctrina.
672 1428 812 1492 Amen.»
1156 1430 1158 1435 '

150 1543 266 1608 Aetate
297 1545 365 1629 jam
398 1544 537 1610 multum
570 1561 725 1633 provecta
764 1545 973 1632 Cantabrtgria
1001 1543 1133 1610 rediisse
1203 1530 1205 1533 ⁵

105 1675 273 1743 narratur,
309 1683 383 1726 cum
416 1656 587 1748 discipulos
617 1661 742 1748 saepius
771 1663 818 1726 sie
850 1661 1007 1728 allocutus
1039 1677 1128 1728 crat:

26 1805 27 1808 ¹
104 1777 268 1858 «Discite,
299 1775 410 1858 filioli,
446 1775 523 1842 dum
553 1776 719 1842 vobiscum
745 1801 826 1843 sum.
872 1779 991 1844 Nescio
1019 1780 1127 1863 enim,

105 1889 256 1979 quamdiu
284 1893 473 1976 subsistam,
508 1910 541 1958 et
580 1896 605 1959 si
641 1910 715 1983 post
747 1893 912 1961 modicum
947 1895 1042 1964 tollat
1076 1919 1130 1961 me

104 2009 224 2076 Factor
248 2033 355 2093 meus,
379 2027 411 2076 et
437 2027 614 2076 revertatur
637 2014 759 2078 animus
781 2037 873 2078 meus
896 2011 1049 2096 adeum,
1075 2014 1133 2101 qui

105 2128 191 2191 misit
213 2127 304 2193 illum
327 2144 359 2192 et
378 2129 413 2192 in
427 2130 511 2195 hanc
531 2132 630 2196 vitam
651 2133 761 2218 ¹venire
781 2134 958 2214 concessit,
976 2131 1033 2199 diu
1051 2133 1130 2199 vixi.

104 2248 192 2310 Bene
212 2248 371 2311 consuluit
393 2249 472 2311 mihi
496 2249 651 2318 Dominus
671 2273 761 2313 meus
781 2272 871 2313 ansus
895 2250 930 2312 in
952 2250 1016 2312 hcc
1045 2251 1130 2313 vitae

103 2365 224 2452 spatio,
252 2366 347 2453 cupio
370 2364 499 2430 dissolvi
518 2381 557 2454 et,
571 2391 637 2431 esse
655 2391 731 2431 cum
750 2390 923 2431 cnnrsnm.»
944 2406 989 2416 —
1008 2362 1129 2430 Multos

103 2498 228 2563 autem,
247 2506 365 2568 eosque
378 2471 679 2570 praestantissimos,
697 2509 737 2558 ex
749 2468 816 2570 ejus
830 2486 942 2557 schola
956 2474 1128 2573 discipulos

103 2613 315 2665 claruimus
326 2597 481 2688 prodiisse
498 2599 612 2684 tradit,
632 2617 663 2666 et
684 2615 821 2690 quatuor
837 2600 984 2690 quidem,
1007 2616 1129 2666 sunun-
1176 2606 1180 2610 “

102 2742 213 2804 ruunt,
231 2701 441 2805 marmorum,
459 2733 639 2786 oswasnnu
656 2737 688 2784 et
707 2744 897 2811 caroenum,
916 2718 996 2810 {rrae
1014 2720 1129 2786 ceteris

102 2819 306 2920 laudabiles,
323 2839 441 2926 qnippe
464 2839 524 2925 qui
549 2839 592 2902 ob
621 2837 788 2903 doctrinae
811 2855 844 2902 et
871 2839 998 2902 virtum
1023 2839 1129 2904 excel·

100 2953 232 3036 lentiam
248 2939 346 3018 ¹tanta
379 2951 462 3044 apud
489 2955 643 3044 populum
669 2932 850 3021 Fruerentur
876 2954 1125 3037 existimatione,

101 3087 138 3137 ut
170 3053 282 3138 eorum
315 3095 408 3138 causa
435 3073 543 3138 elerici
572 3075 691 3163 pariter
722 3091 757 3140 et
778 3074 918 3164 religiosi
946 3097 1061 3164 magna
1091 3074 1127 3138 in

101 3177 307 3252 ueneratione
330 3191 509 3279 essent(1)
542 3191 647 3255 Porro
663 3192 742 3256 tales
761 3191 933 3282 discipulos
949 3192 1013 3274 ait,
1033 3215 1128 3256 vene·

100 3290 209 3372 rabilis
235 3299 379 3396 magistri
403 3299 532 3397 vestigia
566 3326 750 3396 sequenteS,
781 3311 925 3374 omnium
953 3287 1065 3375 oculos
1091 3310 1126 3373 in

100 3447 135 3490 se
168 3427 385 3508 convertisse,
420 3443 571 3492 annonas
608 3430 705 3492 etiam
740 3430 845 3517 regis,
892 3426 946 3514 qut
983 3427 1124 3491 niaximo

133 3683 179 3752 (l)
199 3683 346 3735 Gisrsttt,
365 3680 385 3732 l.
404 3680 426 3731 1.
446 3696 507 3747 pag.
526 3676 588 3728 ato
625 3677 776 3742 Cinaram,
799 3677 998 3748 ludimagister
1019 3680 1123 3730 Cautu-

202 3767 354 3830 ltrigiemis,
366 3764 413 3832 qui
428 3761 473 3812 lric
486 3769 661 3826 territurus,
678 3763 720 3813 vel
733 3764 820 3830 potius
833 3780 979 3829 russeus,
995 3765 1122 3834 sequitur,
1189 3778 1198 3788 ·

202 3856 231 3900 ut
245 3865 305 3901 suae
320 3848 393 3898 urbis
408 3845 575 3897 Academiam
591 3847 764 3912 antiquiorem
778 3863 835 3897 etse
848 3847 942 3914 probet
956 3849 1121 3910 Paritiensi,

202 3931 292 3996 addit,
315 3932 382 3982 hanc
402 3949 415 3982 s
438 3941 545 3998 quatuor
566 3929 620 3980 illis
641 3945 720 3980 strar
742 3930 879 3999 discipulis
902 3947 958 3983 este
980 3932 1121 3983 conditam.

202 4033 217 4062 u
226 4015 262 4066 As
278 4014 318 4066 lor
334 4015 421 4077 Paris,
441 4013 496 4064 that
512 4013 602 4062 olairns
615 4011 659 4061 the
674 4013 853 4080 precedency,
873 4015 895 4064 is
908 4026 934 4066 at
947 4015 992 4065 tho
1006 4026 1074 4066 most
1088 4033 1122 4066 nc

197 4097 274 4148 older
297 4097 360 4148 than
382 4097 426 4148 the
449 4097 525 4164 reign
539 4095 568 4145 of
584 4093 793 4162 Charlemagnc‚
818 4095 869 4144 and
884 4095 1000 4147 founded
1016 4099 1050 4165 by
1064 4098 1123 4148 four

192 4181 327 4249 ,disciplet
348 4181 377 4232 uf
399 4181 443 4231 the
457 4178 604 4230 Venerahlo
619 4191 718 4228 stus.»
757 4179 871 4245 Historq
891 4181 925 4244 of
939 4181 981 4232 tte
997 4181 1125 4246 Utriuof
1180 4246 1183 4252 .

206 4265 309 4316 θανών.
327 4267 359 4334 by
377 4281 400 4316 tt.
417 4279 512 4316 osanna
529 4263 611 4315 lond.
628 4263 703 4314 1⁷53.
721 4280 781 4332 pag.
797 4263 832 4314 3.·

920 4364 961 4424 2⁸
