2909 5392
611 527 649 590 81

146 702 265 771 Brona
282 705 482 773 Venerabilis
496 707 581 770 Hist.
601 706 690 771 Eccl.
718 706 831 770 Gentis
850 706 1046 793 Anglorunc,
1070 726 1134 771 una

101 845 172 888 cum
197 827 333 916 reliquis
360 830 429 913 ejus
449 823 606 912 Operibus
623 825 794 888 Historicis
819 831 854 887 in
874 847 971 888 unum
986 825 1135 889 commen

103 941 267 1026 collectis,
279 967 369 1007 cura
390 965 550 1008 sonsums
575 965 676 1006 surra
695 943 728 1006 S.
750 944 789 1006 Τ.
806 943 846 1005 P.
865 955 899 1005 et
911 941 1003 1006 Eccl.
1022 944 1142 1008 Dunel·

103 1069 228 1124 mensis
251 1085 315 1126 non
343 1069 390 1125 itu
409 1061 537 1148 pridem
570 1060 735 1125 Cunornci.
783 1059 1006 1148 cantabrigiae
1038 1083 1135 1148 1722.

103 1175 180 1242 Hoc
204 1201 290 1267 opus
311 1194 385 1267 post
402 1194 540 1244 mortem
561 1175 691 1242 demum
713 1177 812 1267 patris
829 1176 966 1244 absolvit
980 1193 1014 1243 et
1033 1176 1137 1243 edidit

101 1316 275 1361 cnoaoms
297 1295 392 1362 filius.

149 1413 299 1501 Reliquis
322 1431 428 1478 autem
450 1413 612 1480 Historiae
635 1435 740 1478 anona
757 1412 934 1478 editoribus
952 1411 1054 1478 laudis
1068 1413 1137 1504 pal-

102 1551 197 1594 mam
224 1531 399 1620 praen'puit
423 1529 543 1611 suma,
572 1545 638 1594 tam
666 1545 801 1619 propter
827 1529 1006 1597 adhibitam
1033 1532 1067 1596 in
1096 1553 1137 1595 eo

103 1644 481 1736 edendoldiligentiam,
507 1669 602 1733 pram
631 1646 675 1711 ob
702 1646 864 1734 egregios,
889 1649 1004 1734 quibus
1030 1649 1076 1711 uti
1107 1649 1139 1712 ei

102 1761 252 1845 licebat,
280 1763 396 1828 fontes
443 1763 531 1826 Inter
559 1785 639 1849 quos
667 1763 847 1852 principem
875 1764 985 1829 locum
1012 1765 1139 1830 obtinet

105 1879 226 1944 Codex
253 1878 325 1944 MS.
356 1879 501 1943 omniurn
530 1880 773 1962 vetustissimus,
803 1881 858 1967 qui
885 1897 979 1946 antea
1006 1897 1075 1946 erat
1103 1882 1139 1946 in

105 1997 313 2084 possessione
329 2019 423 2062 sonu.
443 2014 547 2080 nom,
573 1997 731 2087 Episcopi
743 1998 905 2080 Eliensis,
929 1997 1090 2086 hodieque
1105 2000 1139 2063 in

107 2114 200 2180 Bibl.
218 2115 318 2204 Regia
336 2113 595 2202 Consabrigiensi
612 2129 767 2180 servatur.
814 2116 870 2180 Est
884 2116 938 2180 bic
954 2114 1066 2181 Codex
1081 2139 1137 2180 an·

108 2230 211 2318 siquis
222 2231 330 2296 ¹literis
347 2232 638 2319 Angla-Sasonicis
655 2231 979 2320 circaannun1737,
1000 2231 1139 2320 ideoque

107 2363 190 2436 post
201 2370 304 2412 nnana
317 2365 456 2414 mortem
467 2345 644 2416 secundum
660 2347 852 2436 descriptus,
870 2371 910 2412 ex
922 2350 1019 2436 ipsius
1031 2367 1139 2415 aucto-

107 2465 156 2528 ris
175 2466 403 2554 Autographo,
429 2481 461 2530 et
484 2465 518 2529 io
544 2466 616 2553 ipso
642 2467 858 2548 monasterio,
882 2467 940 2531 uhi
963 2467 1138 2533 Historiam

110 2604 204 2646 suam
227 2572 491 2670 composuerat(
513 2581 538 2670 ).

158 2699 353 2789 Nuperrime
376 2699 472 2764 etiarn
488 2697 650 2783 Societas,
668 2700 810 2789 Londini
825 2725 936 2768 recens
952 2704 1141 2789 constituta,
1169 2793 1171 2795 Ι

112 2819 170 2884 eui
190 2841 309 2883 nomen
326 2833 391 2882 est:
421 2817 489 2881 Tbe
508 2818 648 2906 English
669 2819 847 2885 Historical
859 2821 1000 2906 Society,
1024 2844 1142 2887 novam

112 2933 299 3000 Editionem
308 2935 506 3024 procuravit,
520 2957 600 3023 quae
608 2914 805 3001 inscribitur:
824 2937 1024 3002 Venerabilis
1035 2962 1141 3005 anons

112 3055 262 3118 Historia
283 3053 513 3119 Ecclesiastico
538 3053 650 3119 Gentis
669 3054 860 3142 Anglorum.
892 3056 951 3120 Au
962 3057 1064 3145 fidem
1087 3057 1143 3123 Co-

114 3170 224 3234 dicum
258 3171 347 3234 MSS.
378 3178 537 3236 recensuit
559 3194 587 3237 s.
613 3193 801 3238 sunvnasoa.
843 3172 947 3240 Lond.
977 3175 1059 3241 1838
1083 3175 1096 3262 (
1117 3175 1142 3263 ).

220 3411 405 3462 Laudicensis.
446 3411 511 3482 Ejus
531 3423 619 3466 sutem
633 3412 768 3482 exemplar
779 3429 827 3482 pro
841 3428 886 3463 sua
899 3411 1060 3464 humanitate
1074 3412 1142 3466 mibi

222 3493 255 3544 ad
269 3510 344 3544 usum
359 3493 431 3544 dedit
446 3492 612 3545 Clarissimus
625 3494 693 3545 Bibl.
703 3494 800 3562 Regias
813 3494 972 3544 Parisianae
986 3494 1141 3564 Praefectus.

223 3575 261 3628 lie
274 3577 323 3627 bae
331 3577 453 3628 Editicne
467 3577 612 3630 coniemtur
623 3577 742 3627 Journal
750 3577 794 3628 des
803 3575 918 3627 Sanctis
925 3577 1002 3629 1881.
1008 3595 1069 3649 pag.
1075 3580 1140 3648 818,

224 3671 250 3711 et
266 3663 337 3712 Acta
351 3645 462 3712 Erudit.
475 3661 554 3714 test.
569 3678 629 3730 pag.
645 3661 707 3712 888.

160 3743 202 3812 (1)
224 3743 286 3796 vid.
299 3759 376 3796 surra
392 3745 421 3796 in
432 3744 514 3796 Praei.
528 3743 1139 3812 etconi.dsejuslditioneAct.Erudit.1724.

223 3827 349 3896 popm.
364 3828 882 3892 Mlnsoir.litir.delagranchrciague
889 3826 1141 3897 manmena.

162 3911 206 3982 (2)
224 3912 286 3964 vid.
307 3911 342 3963 ds
362 3912 410 3964 bac
430 3912 551 3964 Editione
569 3911 700 3979 J'udicium
718 3912 748 3960 in
769 3912 824 3962 Tlse
842 3911 946 3961 Briiislt
959 3913 1013 3961 ond
1025 3913 1142 3976 Forcign

229 3995 370 4063 Quartcrly
385 3997 502 4046 Reuiew.
516 3994 541 4046 N
544 3997 566 4044 ⁰.
580 3993 660 4056 xltt,
676 3991 830 4059 Ju151838.
864 3991 932 4042 «Er.
944 4007 1081 4044 traversos
1095 3993 1142 4046 bas

224 4077 344 4146 prefixed
363 4089 390 4129 to
410 4076 454 4130 his
477 4091 542 4128 rsus
561 4093 576 4124 a
593 4073 692 4125 critical
706 4073 899 4136 introduction,
918 4073 968 4124 tull
980 4075 1010 4125 oi
1021 4075 1141 4130 valuable

214 4163 325 4213 noricas
338 4161 485 4230 respecting
499 4158 541 4211 his
555 4157 664 4222 author,
679 4157 731 4208 and
745 4156 790 4209 the
803 4161 906 4210 sources
919 4158 949 4209 oi
960 4158 1005 4211 tho
1020 4159 1144 4212 Historia

226 4245 413 4298 Ecclesiastico
428 4243 532 4302 itseli.»

946 4344 967 4404 o
