<?xml version="1.0" encoding="UTF-8"?>
<!DOCTYPE html PUBLIC "-//W3C//DTD XHTML 1.0 Transitional//EN"
    "http://www.w3.org/TR/xhtml1/DTD/xhtml1-transitional.dtd">
<html xmlns="http://www.w3.org/1999/xhtml" xml:lang="en" lang="en">
 <head>
  <title>
</title>
<meta http-equiv="Content-Type" content="text/html;charset=utf-8" />
  <meta name='ocr-system' content='tesseract 3.04.00' />
  <meta name='ocr-capabilities' content='ocr_page ocr_carea ocr_par ocr_line ocrx_word'/>
</head>
<body>
  <div class='ocr_page' id='page_1' title='image "./disputatiohisto01gehlgoog_0116.png"; bbox 0 0 2909 5392; ppageno 0'>
   <div class='ocr_carea' id='block_1_1' title="bbox 769 540 811 601">
    <p class='ocr_par' dir='ltr' id='par_1_1' title="bbox 769 540 811 601">
     <span class='ocr_line' id='line_1_1' title="bbox 769 540 811 601; baseline 0.024 -1"><span class='ocrx_word' id='word_1_1' title='bbox 769 540 811 601; x_wconf 88' lang='grc'>96</span> 
     </span>
    </p>
   </div>
   <div class='ocr_carea' id='block_1_2' title="bbox 276 712 1355 2571">
    <p class='ocr_par' dir='ltr' id='par_1_2' title="bbox 276 712 1355 1748">
     <span class='ocr_line' id='line_1_2' title="bbox 279 712 1299 789; baseline 0.006 -6"><span class='ocrx_word' id='word_1_2' title='bbox 279 717 352 784; x_wconf 87' lang='lat' dir='ltr'>huic</span> <span class='ocrx_word' id='word_1_3' title='bbox 375 718 508 783; x_wconf 87' lang='lat' dir='ltr'>consilio</span> <span class='ocrx_word' id='word_1_4' title='bbox 530 712 748 783; x_wconf 81' lang='lat' dir='ltr'>adhiberetur.</span> <span class='ocrx_word' id='word_1_5' title='bbox 793 718 853 781; x_wconf 88' lang='lat' dir='ltr'>Cui</span> <span class='ocrx_word' id='word_1_6' title='bbox 871 717 1004 784; x_wconf 90' lang='lat' dir='ltr'>decreto</span> <span class='ocrx_word' id='word_1_7' title='bbox 1024 741 1066 785; x_wconf 90' lang='lat' dir='ltr'>ne</span> <span class='ocrx_word' id='word_1_8' title='bbox 1085 721 1168 786; x_wconf 87' lang='lat' dir='ltr'>forte</span> <span class='ocrx_word' id='word_1_9' title='bbox 1188 725 1299 789; x_wconf 87' lang='lat' dir='ltr'>Abbas</span> 
     </span>
     <span class='ocr_line' id='line_1_3' title="bbox 279 833 1355 927; baseline 0.005 -26"><span class='ocrx_word' id='word_1_10' title='bbox 279 854 333 901; x_wconf 91' lang='lat' dir='ltr'>aut</span> <span class='ocrx_word' id='word_1_11' title='bbox 356 836 507 900; x_wconf 89' lang='lat' dir='ltr'>monaehi</span> <span class='ocrx_word' id='word_1_12' title='bbox 529 833 726 919; x_wconf 74' lang='lat' dir='ltr'>resisterent,</span> <span class='ocrx_word' id='word_1_13' title='bbox 747 835 878 901; x_wconf 89' lang='lat' dir='ltr'>libertas</span> <span class='ocrx_word' id='word_1_14' title='bbox 896 835 943 900; x_wconf 70' lang='lat' dir='ltr'>iis&#39;</span> <span class='ocrx_word' id='word_1_15' title='bbox 955 836 1106 920; x_wconf 79' lang='lat' dir='ltr'>daretur,</span> <span class='ocrx_word' id='word_1_16' title='bbox 1124 855 1159 903; x_wconf 91' lang='lat' dir='ltr'>ut</span> <span class='ocrx_word' id='word_1_17' title='bbox 1182 838 1223 904; x_wconf 94' lang='lat' dir='ltr'>de</span> <span class='ocrx_word' id='word_1_18' title='bbox 1238 844 1300 905; x_wconf 90' lang='lat' dir='ltr'>suis</span> <span class='ocrx_word' id='word_1_19' title='bbox 1351 921 1355 927; x_wconf 26' lang='grc' dir='ltr'>Ι</span> 
     </span>
     <span class='ocr_line' id='line_1_4' title="bbox 277 953 1302 1043; baseline 0.004 -26"><span class='ocrx_word' id='word_1_20' title='bbox 277 954 338 1042; x_wconf 92' lang='lat' dir='ltr'>ipsi</span> <span class='ocrx_word' id='word_1_21' title='bbox 361 955 555 1042; x_wconf 88' lang='lat' dir='ltr'><strong>Episcopum</strong></span> <span class='ocrx_word' id='word_1_22' title='bbox 574 953 744 1043; x_wconf 82' lang='lat' dir='ltr'>eligerent,</span> <span class='ocrx_word' id='word_1_23' title='bbox 771 955 879 1040; x_wconf 91' lang='lat' dir='ltr'>quiet</span> <span class='ocrx_word' id='word_1_24' title='bbox 901 954 1115 1041; x_wconf 85' lang='lat' dir='ltr'>adjacentium</span> <span class='ocrx_word' id='word_1_25' title='bbox 1135 957 1302 1041; x_wconf 88' lang='lat' dir='ltr'>locorum,</span> 
     </span>
     <span class='ocr_line' id='line_1_5' title="bbox 279 1071 1302 1162; baseline 0.004 -27"><span class='ocrx_word' id='word_1_26' title='bbox 279 1088 436 1159; x_wconf 84' lang='lat' dir='ltr'>quotquot</span> <span class='ocrx_word' id='word_1_27' title='bbox 461 1071 502 1136; x_wconf 88' lang='lat' dir='ltr'>ad</span> <span class='ocrx_word' id='word_1_28' title='bbox 530 1071 667 1136; x_wconf 87' lang='lat' dir='ltr'>eandem</span> <span class='ocrx_word' id='word_1_29' title='bbox 694 1071 866 1137; x_wconf 89' lang='lat' dir='ltr'>Dioecesiu</span> <span class='ocrx_word' id='word_1_30' title='bbox 892 1073 1110 1161; x_wconf 82' lang='lat' dir='ltr'>pertinerent,</span> <span class='ocrx_word' id='word_1_31' title='bbox 1144 1090 1177 1138; x_wconf 90' lang='lat' dir='ltr'>et</span> <span class='ocrx_word' id='word_1_32' title='bbox 1205 1075 1302 1162; x_wconf 89' lang='lat' dir='ltr'>ipsius</span> 
     </span>
     <span class='ocr_line' id='line_1_6' title="bbox 277 1188 1302 1279; baseline 0.001 -25"><span class='ocrx_word' id='word_1_33' title='bbox 277 1189 461 1254; x_wconf 87' lang='lat' dir='ltr'>monasterii</span> <span class='ocrx_word' id='word_1_34' title='bbox 492 1212 601 1254; x_wconf 89' lang='lat' dir='ltr'>curam</span> <span class='ocrx_word' id='word_1_35' title='bbox 636 1205 774 1279; x_wconf 83' lang='lat' dir='ltr'>gereret.</span> <span class='ocrx_word' id='word_1_36' title='bbox 831 1188 929 1270; x_wconf 90' lang='lat' dir='ltr'>Quod</span> <span class='ocrx_word' id='word_1_37' title='bbox 963 1192 990 1254; x_wconf 93' lang='lat' dir='ltr'>si</span> <span class='ocrx_word' id='word_1_38' title='bbox 1023 1214 1104 1279; x_wconf 90' lang='lat' dir='ltr'>opus</span> <span class='ocrx_word' id='word_1_39' title='bbox 1136 1207 1232 1276; x_wconf 86' lang='lat' dir='ltr'>esset,</span> <span class='ocrx_word' id='word_1_40' title='bbox 1266 1207 1302 1255; x_wconf 87' lang='lat' dir='ltr'>ut</span> 
     </span>
     <span class='ocr_line' id='line_1_7' title="bbox 276 1307 1302 1398; baseline 0.001 -27"><span class='ocrx_word' id='word_1_41' title='bbox 276 1323 399 1390; x_wconf 85' lang='lat' dir='ltr'>terrae,</span> <span class='ocrx_word' id='word_1_42' title='bbox 424 1329 500 1394; x_wconf 88' lang='lat' dir='ltr'>quas</span> <span class='ocrx_word' id='word_1_43' title='bbox 525 1307 743 1396; x_wconf 84' lang='lat' dir='ltr'>possiderent,</span> <span class='ocrx_word' id='word_1_44' title='bbox 766 1307 836 1373; x_wconf 83' lang='lat' dir='ltr'>aliis</span> <span class='ocrx_word' id='word_1_45' title='bbox 865 1308 1112 1398; x_wconf 79' lang='lat' dir='ltr'>adaugerentur,</span> <span class='ocrx_word' id='word_1_46' title='bbox 1136 1309 1302 1372; x_wconf 90' lang='lat' dir='ltr'>innumera</span> 
     </span>
     <span class='ocr_line' id='line_1_8' title="bbox 276 1423 1306 1515; baseline 0.004 -29"><span class='ocrx_word' id='word_1_47' title='bbox 276 1423 351 1488; x_wconf 86' lang='lat' dir='ltr'>loca</span> <span class='ocrx_word' id='word_1_48' title='bbox 367 1446 433 1488; x_wconf 87' lang='lat' dir='ltr'>esse</span> <span class='ocrx_word' id='word_1_49' title='bbox 451 1439 560 1512; x_wconf 89' lang='lat' dir='ltr'>putat,</span> <span class='ocrx_word' id='word_1_50' title='bbox 586 1447 684 1511; x_wconf 85' lang='lat' dir='ltr'>quae,</span> <span class='ocrx_word' id='word_1_51' title='bbox 707 1426 742 1489; x_wconf 91' lang='lat' dir='ltr'>in</span> <span class='ocrx_word' id='word_1_52' title='bbox 765 1426 1031 1491; x_wconf 82' lang='lat' dir='ltr'>monasteriorum</span> <span class='ocrx_word' id='word_1_53' title='bbox 1047 1449 1215 1491; x_wconf 86' lang='lat' dir='ltr'>numerum</span> <span class='ocrx_word' id='word_1_54' title='bbox 1234 1449 1306 1515; x_wconf 90' lang='lat' dir='ltr'>per·</span> 
     </span>
     <span class='ocr_line' id='line_1_9' title="bbox 276 1540 1302 1631; baseline 0.003 -24"><span class='ocrx_word' id='word_1_55' title='bbox 276 1564 386 1631; x_wconf 88' lang='lat' dir='ltr'>peram</span> <span class='ocrx_word' id='word_1_56' title='bbox 413 1540 589 1630; x_wconf 87' lang='lat' dir='ltr'>adscripta,</span> <span class='ocrx_word' id='word_1_57' title='bbox 620 1541 784 1630; x_wconf 75' lang='lat' dir='ltr'>Synodion</span> <span class='ocrx_word' id='word_1_58' title='bbox 808 1544 996 1608; x_wconf 89' lang='lat' dir='ltr'>auctoritate</span> <span class='ocrx_word' id='word_1_59' title='bbox 1030 1545 1065 1609; x_wconf 91' lang='lat' dir='ltr'>in</span> <span class='ocrx_word' id='word_1_60' title='bbox 1091 1546 1178 1608; x_wconf 90' lang='lat' dir='ltr'>bunc</span> <span class='ocrx_word' id='word_1_61' title='bbox 1210 1567 1302 1610; x_wconf 88' lang='lat' dir='ltr'>usum</span> 
     </span>
     <span class='ocr_line' id='line_1_10' title="bbox 276 1660 720 1748; baseline 0.005 -25"><span class='ocrx_word' id='word_1_62' title='bbox 276 1660 389 1724; x_wconf 88' lang='lat' dir='ltr'>melius</span> <span class='ocrx_word' id='word_1_63' title='bbox 411 1676 540 1748; x_wconf 90' lang='lat' dir='ltr'>possent</span> <span class='ocrx_word' id='word_1_64' title='bbox 563 1661 720 1725; x_wconf 89' lang='lat' dir='ltr'>converti.</span> 
     </span>
    </p>

    <p class='ocr_par' dir='ltr' id='par_1_3' title="bbox 277 1776 1308 2571">
     <span class='ocr_line' id='line_1_11' title="bbox 321 1776 1303 1864; baseline 0.002 -24"><span class='ocrx_word' id='word_1_65' title='bbox 321 1778 406 1841; x_wconf 86' lang='lat' dir='ltr'>Data</span> <span class='ocrx_word' id='word_1_66' title='bbox 431 1780 500 1863; x_wconf 89' lang='lat' dir='ltr'>jam</span> <span class='ocrx_word' id='word_1_67' title='bbox 523 1777 584 1841; x_wconf 93' lang='lat' dir='ltr'>sibi</span> <span class='ocrx_word' id='word_1_68' title='bbox 615 1777 806 1859; x_wconf 82' lang='lat' dir='ltr'>occasione,</span> <span class='ocrx_word' id='word_1_69' title='bbox 831 1777 933 1841; x_wconf 84' lang='lat' dir='ltr'>multa</span> <span class='ocrx_word' id='word_1_70' title='bbox 953 1778 1096 1864; x_wconf 85' lang='lat' dir='ltr'>queritur</span> <span class='ocrx_word' id='word_1_71' title='bbox 1119 1776 1161 1842; x_wconf 91' lang='lat' dir='ltr'>de</span> <span class='ocrx_word' id='word_1_72' title='bbox 1194 1799 1303 1842; x_wconf 86' lang='lat' dir='ltr'>conu-</span> 
     </span>
     <span class='ocr_line' id='line_1_12' title="bbox 277 1894 1304 1984; baseline 0 -24"><span class='ocrx_word' id='word_1_73' title='bbox 277 1897 389 1984; x_wconf 90' lang='lat' dir='ltr'>ptione</span> <span class='ocrx_word' id='word_1_74' title='bbox 422 1911 455 1959; x_wconf 94' lang='lat' dir='ltr'>et</span> <span class='ocrx_word' id='word_1_75' title='bbox 487 1896 587 1960; x_wconf 88' lang='lat' dir='ltr'>abusu</span> <span class='ocrx_word' id='word_1_76' title='bbox 617 1896 898 1960; x_wconf 85' lang='lat' dir='ltr'>monasteriorum.</span> <span class='ocrx_word' id='word_1_77' title='bbox 952 1894 1065 1981; x_wconf 89' lang='lat' dir='ltr'>Neque</span> <span class='ocrx_word' id='word_1_78' title='bbox 1097 1895 1169 1959; x_wconf 91' lang='lat' dir='ltr'>Deo</span> <span class='ocrx_word' id='word_1_79' title='bbox 1200 1918 1304 1981; x_wconf 90' lang='lat' dir='ltr'>neque</span> 
     </span>
     <span class='ocr_line' id='line_1_13' title="bbox 277 2009 1304 2101; baseline 0.001 -25"><span class='ocrx_word' id='word_1_80' title='bbox 277 2013 461 2077; x_wconf 91' lang='lat' dir='ltr'>hominibus</span> <span class='ocrx_word' id='word_1_81' title='bbox 485 2013 585 2076; x_wconf 87' lang='lat' dir='ltr'>multa</span> <span class='ocrx_word' id='word_1_82' title='bbox 612 2036 724 2077; x_wconf 89' lang='lat' dir='ltr'>eorum</span> <span class='ocrx_word' id='word_1_83' title='bbox 748 2012 839 2076; x_wconf 92' lang='lat' dir='ltr'>utilia</span> <span class='ocrx_word' id='word_1_84' title='bbox 866 2035 933 2076; x_wconf 89' lang='lat' dir='ltr'>esse</span> <span class='ocrx_word' id='word_1_85' title='bbox 961 2009 1057 2094; x_wconf 90' lang='lat' dir='ltr'>dicit,</span> <span class='ocrx_word' id='word_1_86' title='bbox 1081 2013 1200 2101; x_wconf 83' lang='lat' dir='ltr'>quippe</span> <span class='ocrx_word' id='word_1_87' title='bbox 1223 2034 1304 2099; x_wconf 85' lang='lat' dir='ltr'>quae</span> 
     </span>
     <span class='ocr_line' id='line_1_14' title="bbox 281 2123 1304 2195; baseline -0.001 0"><span class='ocrx_word' id='word_1_88' title='bbox 281 2131 489 2195; x_wconf 82' lang='lat' dir='ltr'>austeriorem</span> <span class='ocrx_word' id='word_1_89' title='bbox 510 2123 744 2195; x_wconf 87' lang='lat' dir='ltr'>monachorum</span> <span class='ocrx_word' id='word_1_90' title='bbox 768 2127 895 2194; x_wconf 83' lang='lat' dir='ltr'>vivendi</span> <span class='ocrx_word' id='word_1_91' title='bbox 916 2129 1074 2194; x_wconf 88' lang='lat' dir='ltr'>rationem</span> <span class='ocrx_word' id='word_1_92' title='bbox 1095 2130 1228 2193; x_wconf 88' lang='lat' dir='ltr'>omnino</span> <span class='ocrx_word' id='word_1_93' title='bbox 1247 2153 1304 2194; x_wconf 90' lang='lat' dir='ltr'>ne·</span> 
     </span>
     <span class='ocr_line' id='line_1_15' title="bbox 279 2245 1303 2339; baseline 0 -27"><span class='ocrx_word' id='word_1_94' title='bbox 279 2249 451 2339; x_wconf 82' lang='lat' dir='ltr'>gligerent,</span> <span class='ocrx_word' id='word_1_95' title='bbox 477 2271 538 2313; x_wconf 91' lang='lat' dir='ltr'>nec</span> <span class='ocrx_word' id='word_1_96' title='bbox 568 2248 638 2311; x_wconf 89' lang='lat' dir='ltr'>usui</span> <span class='ocrx_word' id='word_1_97' title='bbox 663 2248 799 2312; x_wconf 90' lang='lat' dir='ltr'>seculari</span> <span class='ocrx_word' id='word_1_98' title='bbox 830 2247 1030 2313; x_wconf 87' lang='lat' dir='ltr'>inservirent.</span> <span class='ocrx_word' id='word_1_99' title='bbox 1076 2245 1171 2312; x_wconf 88' lang='lat' dir='ltr'>Unde</span> <span class='ocrx_word' id='word_1_100' title='bbox 1194 2263 1303 2332; x_wconf 86' lang='lat' dir='ltr'>tanta,</span> 
     </span>
     <span class='ocr_line' id='line_1_16' title="bbox 280 2363 1307 2452; baseline -0.001 -23"><span class='ocrx_word' id='word_1_101' title='bbox 280 2380 316 2429; x_wconf 92' lang='lat' dir='ltr'>ut</span> <span class='ocrx_word' id='word_1_102' title='bbox 338 2365 401 2446; x_wconf 87' lang='lat' dir='ltr'>ait,</span> <span class='ocrx_word' id='word_1_103' title='bbox 427 2365 587 2429; x_wconf 85' lang='lat' dir='ltr'>exstiterat</span> <span class='ocrx_word' id='word_1_104' title='bbox 602 2380 707 2428; x_wconf 90' lang='lat' dir='ltr'>terrae</span> <span class='ocrx_word' id='word_1_105' title='bbox 722 2365 850 2452; x_wconf 87' lang='lat' dir='ltr'>inopia,</span> <span class='ocrx_word' id='word_1_106' title='bbox 875 2380 912 2428; x_wconf 91' lang='lat' dir='ltr'>ut</span> <span class='ocrx_word' id='word_1_107' title='bbox 924 2363 982 2428; x_wconf 90' lang='lat' dir='ltr'>filii</span> <span class='ocrx_word' id='word_1_108' title='bbox 998 2365 1158 2429; x_wconf 90' lang='lat' dir='ltr'>nobilium</span> <span class='ocrx_word' id='word_1_109' title='bbox 1182 2380 1237 2428; x_wconf 90' lang='lat' dir='ltr'>aut</span> <span class='ocrx_word' id='word_1_110' title='bbox 1250 2365 1307 2429; x_wconf 91' lang='lat' dir='ltr'>mi·</span> 
     </span>
     <span class='ocr_line' id='line_1_17' title="bbox 278 2480 1308 2571; baseline 0.001 -25"><span class='ocrx_word' id='word_1_111' title='bbox 278 2481 351 2547; x_wconf 87' lang='lat' dir='ltr'>lites</span> <span class='ocrx_word' id='word_1_112' title='bbox 374 2481 499 2546; x_wconf 87' lang='lat' dir='ltr'>emeriti</span> <span class='ocrx_word' id='word_1_113' title='bbox 526 2480 613 2546; x_wconf 90' lang='lat' dir='ltr'>nulla</span> <span class='ocrx_word' id='word_1_114' title='bbox 637 2481 835 2570; x_wconf 89' lang='lat' dir='ltr'>possessione</span> <span class='ocrx_word' id='word_1_115' title='bbox 859 2497 990 2571; x_wconf 89' lang='lat' dir='ltr'>possent</span> <span class='ocrx_word' id='word_1_116' title='bbox 1010 2480 1145 2565; x_wconf 88' lang='lat' dir='ltr'>donari,</span> <span class='ocrx_word' id='word_1_117' title='bbox 1169 2481 1227 2547; x_wconf 88' lang='lat' dir='ltr'>sed</span> <span class='ocrx_word' id='word_1_118' title='bbox 1255 2506 1308 2547; x_wconf 83' lang='lat' dir='ltr'>ra·</span> 
     </span>
    </p>
   </div>
   <div class='ocr_carea' id='block_1_3' title="bbox 231 2579 1307 2688">
    <p class='ocr_par' dir='ltr' id='par_1_4' title="bbox 231 2579 1307 2688">
     <span class='ocr_line' id='line_1_18' title="bbox 231 2579 1307 2688; baseline -0.002 -23"><span class='ocrx_word' id='word_1_119' title='bbox 231 2579 236 2596; x_wconf 62' lang='lat'>.</span> <span class='ocrx_word' id='word_1_120' title='bbox 280 2615 389 2665; x_wconf 88' lang='lat' dir='ltr'>cantes</span> <span class='ocrx_word' id='word_1_121' title='bbox 407 2616 440 2665; x_wconf 90' lang='lat' dir='ltr'>et</span> <span class='ocrx_word' id='word_1_122' title='bbox 458 2601 526 2664; x_wconf 90' lang='lat' dir='ltr'>sine</span> <span class='ocrx_word' id='word_1_123' title='bbox 548 2599 698 2688; x_wconf 85' lang='lat' dir='ltr'>conjugio</span> <span class='ocrx_word' id='word_1_124' title='bbox 719 2599 856 2687; x_wconf 88' lang='lat' dir='ltr'>patriam</span> <span class='ocrx_word' id='word_1_125' title='bbox 872 2598 1106 2685; x_wconf 90' lang='lat' dir='ltr'>relinquerent,</span> <span class='ocrx_word' id='word_1_126' title='bbox 1127 2600 1196 2680; x_wconf 81' lang='lat' dir='ltr'>vel,</span> <span class='ocrx_word' id='word_1_127' title='bbox 1219 2596 1307 2687; x_wconf 91' lang='lat' dir='ltr'>quod</span> 
     </span>
    </p>
   </div>
   <div class='ocr_carea' id='block_1_4' title="bbox 278 2713 1307 3276">
    <p class='ocr_par' dir='ltr' id='par_1_5' title="bbox 278 2713 1307 3276">
     <span class='ocr_line' id='line_1_19' title="bbox 280 2713 1307 2806; baseline 0 -26"><span class='ocrx_word' id='word_1_128' title='bbox 280 2719 370 2806; x_wconf 86' lang='lat' dir='ltr'>pejus</span> <span class='ocrx_word' id='word_1_129' title='bbox 392 2731 487 2797; x_wconf 90' lang='lat' dir='ltr'>esset,</span> <span class='ocrx_word' id='word_1_130' title='bbox 512 2716 657 2806; x_wconf 85' lang='lat' dir='ltr'>ignaviae</span> <span class='ocrx_word' id='word_1_131' title='bbox 683 2714 870 2804; x_wconf 90' lang='lat' dir='ltr'>libidinique</span> <span class='ocrx_word' id='word_1_132' title='bbox 895 2713 1110 2805; x_wconf 81' lang='lat' dir='ltr'>indulgerent.</span> <span class='ocrx_word' id='word_1_133' title='bbox 1156 2715 1220 2781; x_wconf 89' lang='lat' dir='ltr'>Sed</span> <span class='ocrx_word' id='word_1_134' title='bbox 1239 2738 1307 2805; x_wconf 81' lang='lat' dir='ltr'>gra·</span> 
     </span>
     <span class='ocr_line' id='line_1_20' title="bbox 278 2832 1306 2922; baseline -0.001 -24"><span class='ocrx_word' id='word_1_135' title='bbox 278 2834 348 2898; x_wconf 86' lang='lat' dir='ltr'>vius</span> <span class='ocrx_word' id='word_1_136' title='bbox 362 2835 458 2920; x_wconf 83' lang='lat' dir='ltr'>etiam</span> <span class='ocrx_word' id='word_1_137' title='bbox 476 2832 695 2921; x_wconf 85' lang='lat' dir='ltr'>aquibusdam</span> <span class='ocrx_word' id='word_1_138' title='bbox 711 2834 774 2898; x_wconf 86' lang='lat' dir='ltr'>bac</span> <span class='ocrx_word' id='word_1_139' title='bbox 792 2833 828 2896; x_wconf 90' lang='lat' dir='ltr'>in</span> <span class='ocrx_word' id='word_1_140' title='bbox 843 2855 879 2897; x_wconf 92' lang='lat' dir='ltr'>re</span> <span class='ocrx_word' id='word_1_141' title='bbox 893 2833 1103 2922; x_wconf 83' lang='lat' dir='ltr'>peccabatur,</span> <span class='ocrx_word' id='word_1_142' title='bbox 1123 2834 1192 2920; x_wconf 92' lang='lat' dir='ltr'>qui,</span> <span class='ocrx_word' id='word_1_143' title='bbox 1208 2855 1306 2921; x_wconf 91' lang='lat' dir='ltr'>quum</span> 
     </span>
     <span class='ocr_line' id='line_1_21' title="bbox 280 2949 1306 3042; baseline 0 -26"><span class='ocrx_word' id='word_1_144' title='bbox 280 2950 387 3016; x_wconf 89' lang='lat' dir='ltr'>studio</span> <span class='ocrx_word' id='word_1_145' title='bbox 415 2975 483 3016; x_wconf 90' lang='lat' dir='ltr'>uon</span> <span class='ocrx_word' id='word_1_146' title='bbox 506 2953 606 3042; x_wconf 83' lang='lat' dir='ltr'>magis</span> <span class='ocrx_word' id='word_1_147' title='bbox 630 2974 726 3039; x_wconf 87' lang='lat' dir='ltr'>quam</span> <span class='ocrx_word' id='word_1_148' title='bbox 751 2974 809 3016; x_wconf 91' lang='lat' dir='ltr'>usu</span> <span class='ocrx_word' id='word_1_149' title='bbox 833 2949 875 3015; x_wconf 86' lang='lat' dir='ltr'>ad</span> <span class='ocrx_word' id='word_1_150' title='bbox 898 2951 1020 3015; x_wconf 91' lang='lat' dir='ltr'>clerum</span> <span class='ocrx_word' id='word_1_151' title='bbox 1046 2950 1100 3015; x_wconf 81' lang='lat' dir='ltr'>vel</span> <span class='ocrx_word' id='word_1_152' title='bbox 1128 2949 1170 3015; x_wconf 87' lang='lat' dir='ltr'>ad</span> <span class='ocrx_word' id='word_1_153' title='bbox 1195 2972 1306 3016; x_wconf 87' lang='lat' dir='ltr'>mona·</span> 
     </span>
     <span class='ocr_line' id='line_1_22' title="bbox 280 3068 1306 3158; baseline 0.002 -26"><span class='ocrx_word' id='word_1_154' title='bbox 280 3070 359 3133; x_wconf 91' lang='lat' dir='ltr'>chos</span> <span class='ocrx_word' id='word_1_155' title='bbox 381 3071 597 3157; x_wconf 87' lang='lat' dir='ltr'>pertinerent,</span> <span class='ocrx_word' id='word_1_156' title='bbox 623 3069 844 3136; x_wconf 86' lang='lat' dir='ltr'>construendis</span> <span class='ocrx_word' id='word_1_157' title='bbox 866 3085 991 3152; x_wconf 87' lang='lat' dir='ltr'>tamen,</span> <span class='ocrx_word' id='word_1_158' title='bbox 1015 3084 1052 3133; x_wconf 94' lang='lat' dir='ltr'>ut</span> <span class='ocrx_word' id='word_1_159' title='bbox 1070 3091 1148 3158; x_wconf 89' lang='lat' dir='ltr'>prae</span> <span class='ocrx_word' id='word_1_160' title='bbox 1168 3092 1203 3134; x_wconf 90' lang='lat' dir='ltr'>se</span> <span class='ocrx_word' id='word_1_161' title='bbox 1223 3068 1306 3134; x_wconf 88' lang='lat' dir='ltr'>fere·</span> 
     </span>
     <span class='ocr_line' id='line_1_23' title="bbox 279 3186 1307 3276; baseline 0 -27"><span class='ocrx_word' id='word_1_162' title='bbox 279 3186 374 3269; x_wconf 86' lang='lat' dir='ltr'>bant,</span> <span class='ocrx_word' id='word_1_163' title='bbox 400 3188 598 3252; x_wconf 89' lang='lat' dir='ltr'>monasteriis</span> <span class='ocrx_word' id='word_1_164' title='bbox 622 3203 723 3252; x_wconf 90' lang='lat' dir='ltr'>terras</span> <span class='ocrx_word' id='word_1_165' title='bbox 748 3187 809 3252; x_wconf 87' lang='lat' dir='ltr'>sibi</span> <span class='ocrx_word' id='word_1_166' title='bbox 831 3188 1082 3276; x_wconf 83' lang='lat' dir='ltr'>comparabant,</span> <span class='ocrx_word' id='word_1_167' title='bbox 1108 3186 1185 3272; x_wconf 90' lang='lat' dir='ltr'>quin</span> <span class='ocrx_word' id='word_1_168' title='bbox 1210 3187 1307 3250; x_wconf 86' lang='lat' dir='ltr'>etiam</span> 
     </span>
    </p>
   </div>
   <div class='ocr_carea' id='block_1_5' title="bbox 282 3302 1408 3395">
    <p class='ocr_par' dir='ltr' id='par_1_6' title="bbox 282 3302 1408 3395">
     <span class='ocr_line' id='line_1_24' title="bbox 282 3302 1408 3395; baseline -0.004 -26"><span class='ocrx_word' id='word_1_169' title='bbox 282 3305 425 3395; x_wconf 86' lang='lat' dir='ltr'>Regum,</span> <span class='ocrx_word' id='word_1_170' title='bbox 450 3304 644 3370; x_wconf 86' lang='lat' dir='ltr'>Pontificum</span> <span class='ocrx_word' id='word_1_171' title='bbox 669 3321 703 3369; x_wconf 92' lang='lat' dir='ltr'>et</span> <span class='ocrx_word' id='word_1_172' title='bbox 722 3306 886 3370; x_wconf 89' lang='lat' dir='ltr'>Abbatum</span> <span class='ocrx_word' id='word_1_173' title='bbox 909 3303 1023 3368; x_wconf 91' lang='lat' dir='ltr'>edictis</span> <span class='ocrx_word' id='word_1_174' title='bbox 1047 3318 1113 3366; x_wconf 91' lang='lat' dir='ltr'>tam</span> <span class='ocrx_word' id='word_1_175' title='bbox 1132 3302 1194 3366; x_wconf 90' lang='lat' dir='ltr'>sibi</span> <span class='ocrx_word' id='word_1_176' title='bbox 1213 3324 1309 3390; x_wconf 89' lang='lat' dir='ltr'>quam</span> <span class='ocrx_word' id='word_1_177' title='bbox 1404 3382 1408 3386; x_wconf 23' lang='lat'>⁵</span> 
     </span>
    </p>
   </div>
   <div class='ocr_carea' id='block_1_6' title="bbox 254 3419 1310 4097">
    <p class='ocr_par' dir='ltr' id='par_1_7' title="bbox 254 3419 1310 4097">
     <span class='ocr_line' id='line_1_25' title="bbox 278 3419 1309 3507; baseline -0.003 -19"><span class='ocrx_word' id='word_1_178' title='bbox 278 3422 451 3488; x_wconf 85' lang='lat' dir='ltr'>heredibus</span> <span class='ocrx_word' id='word_1_179' title='bbox 469 3445 521 3488; x_wconf 91' lang='lat' dir='ltr'>eas</span> <span class='ocrx_word' id='word_1_180' title='bbox 541 3421 776 3488; x_wconf 85' lang='lat' dir='ltr'>confirmandas</span> <span class='ocrx_word' id='word_1_181' title='bbox 796 3423 962 3488; x_wconf 85' lang='lat' dir='ltr'>curabant.</span> <span class='ocrx_word' id='word_1_182' title='bbox 987 3421 1051 3484; x_wconf 89' lang='lat' dir='ltr'>Ista</span> <span class='ocrx_word' id='word_1_183' title='bbox 1064 3421 1098 3484; x_wconf 91' lang='lat' dir='ltr'>in</span> <span class='ocrx_word' id='word_1_184' title='bbox 1116 3419 1206 3502; x_wconf 89' lang='lat' dir='ltr'>loca,</span> <span class='ocrx_word' id='word_1_185' title='bbox 1227 3441 1309 3507; x_wconf 86' lang='lat' dir='ltr'>quae</span> 
     </span>
     <span class='ocr_line' id='line_1_26' title="bbox 282 3537 1307 3624; baseline -0.001 -21"><span class='ocrx_word' id='word_1_186' title='bbox 282 3540 362 3605; x_wconf 90' lang='lat' dir='ltr'>falso</span> <span class='ocrx_word' id='word_1_187' title='bbox 387 3541 518 3605; x_wconf 91' lang='lat' dir='ltr'>nomine</span> <span class='ocrx_word' id='word_1_188' title='bbox 540 3539 735 3604; x_wconf 88' lang='lat' dir='ltr'>Monasteria</span> <span class='ocrx_word' id='word_1_189' title='bbox 759 3537 926 3619; x_wconf 86' lang='lat' dir='ltr'>dicebant,</span> <span class='ocrx_word' id='word_1_190' title='bbox 951 3537 1154 3624; x_wconf 84' lang='lat' dir='ltr'>excipiebant</span> <span class='ocrx_word' id='word_1_191' title='bbox 1174 3557 1307 3620; x_wconf 88' lang='lat' dir='ltr'>omnes,</span> 
     </span>
     <span class='ocr_line' id='line_1_27' title="bbox 254 3637 1309 3748; baseline -0.003 -26"><span class='ocrx_word' id='word_1_192' title='bbox 254 3659 362 3738; x_wconf 53' lang='lat' dir='ltr'>ueris</span> <span class='ocrx_word' id='word_1_193' title='bbox 395 3637 598 3724; x_wconf 81' lang='lat' dir='ltr'>monasteriis</span> <span class='ocrx_word' id='word_1_194' title='bbox 631 3657 798 3748; x_wconf 88' lang='lat' dir='ltr'>expulsos,</span> <span class='ocrx_word' id='word_1_195' title='bbox 833 3671 866 3720; x_wconf 93' lang='lat' dir='ltr'>et</span> <span class='ocrx_word' id='word_1_196' title='bbox 892 3677 1118 3744; x_wconf 89' lang='lat' dir='ltr'>quoscunque,</span> <span class='ocrx_word' id='word_1_197' title='bbox 1153 3655 1309 3743; x_wconf 84' lang='lat' dir='ltr'>promissa</span> 
     </span>
     <span class='ocr_line' id='line_1_28' title="bbox 285 3771 1307 3863; baseline 0.001 -25"><span class='ocrx_word' id='word_1_198' title='bbox 285 3773 483 3856; x_wconf 90' lang='lat' dir='ltr'>obedientia,</span> <span class='ocrx_word' id='word_1_199' title='bbox 507 3774 545 3839; x_wconf 92' lang='lat' dir='ltr'>ad</span> <span class='ocrx_word' id='word_1_200' title='bbox 565 3772 800 3863; x_wconf 87' lang='lat' dir='ltr'>suscipiendam</span> <span class='ocrx_word' id='word_1_201' title='bbox 820 3788 985 3838; x_wconf 89' lang='lat' dir='ltr'>tonsuram</span> <span class='ocrx_word' id='word_1_202' title='bbox 996 3771 1149 3837; x_wconf 87' lang='lat' dir='ltr'>inducere</span> <span class='ocrx_word' id='word_1_203' title='bbox 1165 3787 1307 3861; x_wconf 88' lang='lat' dir='ltr'>possent.</span> 
     </span>
     <span class='ocr_line' id='line_1_29' title="bbox 287 3885 1310 3979; baseline 0 -23"><span class='ocrx_word' id='word_1_204' title='bbox 287 3890 391 3956; x_wconf 88' lang='lat' dir='ltr'>Malae</span> <span class='ocrx_word' id='word_1_205' title='bbox 418 3892 493 3956; x_wconf 88' lang='lat' dir='ltr'>huic</span> <span class='ocrx_word' id='word_1_206' title='bbox 520 3885 747 3978; x_wconf 80' lang='lat' dir='ltr'>consuetudini¹</span> <span class='ocrx_word' id='word_1_207' title='bbox 776 3907 831 3956; x_wconf 86' lang='lat' dir='ltr'>aut</span> <span class='ocrx_word' id='word_1_208' title='bbox 858 3891 1031 3956; x_wconf 88' lang='lat' dir='ltr'>Pontifices</span> <span class='ocrx_word' id='word_1_209' title='bbox 1058 3907 1112 3954; x_wconf 94' lang='lat' dir='ltr'>aut</span> <span class='ocrx_word' id='word_1_210' title='bbox 1145 3890 1310 3979; x_wconf 84' lang='lat' dir='ltr'>Synodum</span> 
     </span>
     <span class='ocr_line' id='line_1_30' title="bbox 287 4009 1310 4097; baseline -0.001 -25"><span class='ocrx_word' id='word_1_211' title='bbox 287 4032 343 4072; x_wconf 84' lang='lat' dir='ltr'>sua</span> <span class='ocrx_word' id='word_1_212' title='bbox 377 4009 565 4074; x_wconf 84' lang='lat' dir='ltr'>auctoritate</span> <span class='ocrx_word' id='word_1_213' title='bbox 596 4009 747 4074; x_wconf 83' lang='lat' dir='ltr'>facillime</span> <span class='ocrx_word' id='word_1_214' title='bbox 775 4009 872 4073; x_wconf 86' lang='lat' dir='ltr'>linem</span> <span class='ocrx_word' id='word_1_215' title='bbox 896 4011 1064 4097; x_wconf 89' lang='lat' dir='ltr'>imponere</span> <span class='ocrx_word' id='word_1_216' title='bbox 1091 4031 1202 4096; x_wconf 88' lang='lat' dir='ltr'>posse,</span> <span class='ocrx_word' id='word_1_217' title='bbox 1226 4031 1310 4072; x_wconf 78' lang='lat' dir='ltr'>saus</span> 
     </span>
    </p>
   </div>
   <div class='ocr_carea' id='block_1_7' title="bbox 292 4241 1310 4335">
    <p class='ocr_par' dir='ltr' id='par_1_8' title="bbox 292 4241 1310 4335">
     <span class='ocr_line' id='line_1_31' title="bbox 292 4241 1310 4335; baseline 0.003 -30"><span class='ocrx_word' id='word_1_218' title='bbox 292 4241 443 4308; x_wconf 86' lang='lat' dir='ltr'>adsentiri</span> <span class='ocrx_word' id='word_1_219' title='bbox 465 4261 497 4309; x_wconf 93' lang='lat' dir='ltr'>et</span> <span class='ocrx_word' id='word_1_220' title='bbox 518 4269 614 4334; x_wconf 89' lang='lat' dir='ltr'>opem</span> <span class='ocrx_word' id='word_1_221' title='bbox 634 4245 718 4311; x_wconf 86' lang='lat' dir='ltr'>ferre</span> <span class='ocrx_word' id='word_1_222' title='bbox 740 4245 966 4335; x_wconf 86' lang='lat' dir='ltr'>reperirentur.</span> <span class='ocrx_word' id='word_1_223' title='bbox 1014 4245 1194 4312; x_wconf 76' lang='lat' dir='ltr'>Etnruruu</span> <span class='ocrx_word' id='word_1_224' title='bbox 1214 4243 1310 4331; x_wconf 85' lang='lat' dir='ltr'>igitur</span> 
     </span>
    </p>
   </div>
   <div class='ocr_carea' id='block_1_8' title="bbox 0 0 1463 5392">
    <p class='ocr_par' dir='ltr' id='par_1_9' title="bbox 0 0 1463 5392">
     <span class='ocr_line' id='line_1_32' title="bbox 0 0 1463 5392; baseline 0 0"><span class='ocrx_word' id='word_1_225' title='bbox 0 0 1463 5392; x_wconf 95' lang='lat' dir='ltr'> </span> 
     </span>
    </p>
   </div>
  </div>
 </body>
</html>
