2909 5392
593 511 620 576 3.

82 691 291 776 sententiam,
329 687 470 780 quamvis
500 713 540 755 ex
568 712 671 754 nense
694 705 791 756 certe
820 693 947 780 seriptis
973 693 1107 780 probari

85 815 213 900 nequit,
236 812 283 876 en'
296 825 387 900 parte
408 831 498 875 suam
520 809 598 874 fecit
622 831 842 892 ornesrreus,
868 834 1003 900 eumque
1024 815 1109 877 inter

85 932 170 994 viros
197 929 311 994 doctos
343 928 467 992 Scotioe
496 928 671 1009 recensuit,
703 927 823 1014 quippe
857 949 952 1015 quem
976 934 1110 1017 putabat

85 1049 170 1112 ritae
190 1062 315 1136 partem
332 1045 378 1110 ibi
401 1040 521 1134 degisse
538 1044 598 1133 (1)
646 1042 710 1109 Sed
732 1047 818 1108 hune
840 1045 1042 1109 manifestum
1063 1069 1111 1110 er·

85 1187 195 1232 rorem
211 1187 293 1247 esse,
317 1165 386 1252 ipsa
401 1185 504 1228 nense
517 1164 636 1251 scripta
653 1163 821 1251 perspicue
836 1161 966 1227 docent.
1006 1162 1111 1250 Origi-

87 1304 162 1350 nem
187 1299 293 1350 eutem
316 1282 391 1347 inde
417 1282 540 1348 duxisse
564 1280 707 1364 videtur,
733 1279 821 1370 quod
843 1283 929 1344 Secti
948 1282 983 1344 in
1006 1303 1110 1346 onore

86 1399 181 1488 libne
194 1401 378 1486 frequenter
401 1413 620 1463 memorantur
633 1399 707 1488 (2).

131 1516 230 1599 Quod
248 1541 348 1605 porro
371 1518 405 1582 in
425 1512 691 1605 disceptationem
716 1531 866 1581 vocatum
886 1531 952 1597 est,
974 1515 1112 1579 fuerime

86 1656 171 1700 nene
192 1635 294 1700 Italus
316 1657 357 1698 an
379 1634 523 1720 Angites,
545 1633 640 1696 facile
660 1628 810 1695 dirimere
834 1653 927 1719 posse
947 1630 1041 1694 nobis
1065 1633 1113 1695 vi-

87 1751 212 1818 demur.
260 1748 461 1814 Probabilius
481 1744 612 1834 quidem
631 1762 697 1830 est,
722 1747 811 1835 quod
833 1748 911 1812 elios
933 1763 1059 1812 secutus
1077 1749 1113 1812 in

89 1867 230 1934 medium
261 1867 355 1932 affert
381 1887 602 1949 nnnrsrrnos,
636 1865 716 1930 duos
741 1862 884 1951 ejusdem
917 1866 1056 1929 nominis
1081 1881 1114 1929 et

88 1986 199 2050 aetatis
216 1985 311 2049 fuisse
331 2005 447 2067 rents,
472 1983 607 2046 alterum
627 1985 837 2066 Britannum,
861 1983 997 2047 alterurn
1018 1984 1116 2071 Legu-

89 2125 176 2185 rem,
201 2125 280 2189 quos
302 2123 399 2190 quum
418 2098 536 2166 eodem
551 2095 599 2165 eie
620 2113 807 2189 argumento
830 2101 1042 2189 scripsissent,
1067 2123 1116 2164 re-

122 2327 166 2396 (1)
186 2327 294 2378 «Brmr
307 2327 355 2376 etsi
376 2342 467 2379 omnes
482 2325 603 2390 Argium
617 2323 730 2387 faciunt,
748 2325 849 2392 reperio
863 2333 968 2386 nmen,
984 2339 1047 2374 eum
1059 2339 1109 2374 nee

192 2410 312 2472 Anglum
339 2407 433 2470 domo,
459 2425 507 2458 neo
533 2407 657 2470 Scotum,
684 2406 730 2457 sed
752 2408 781 2456 in
812 2406 901 2457 Scotia
926 2406 972 2456 diu
995 2408 1109 2472 vixisse,

193 2493 223 2543 in
244 2492 346 2555 Anglia
360 2490 432 2540 diem
447 2506 596 2557 supremum
609 2489 741 2540 obiisse.»
776 2505 799 2542 r.
813 2476 946 2540 ouesrsn
955 2491 1027 2540 Htst.
1037 2491 1111 2541 Eccl.

191 2578 278 2640 gentis
304 2575 457 2636 Sermonem,
481 2573 578 2624 Edinb.
600 2573 679 2624 1829.
707 2571 782 2623 Tem.
805 2572 827 2624 1.
849 2571 909 2623 Lib⁴
930 2573 966 2623 11.
986 2591 1047 2642 pag.
1066 2577 1114 2626 88.

97 2722 101 2728 ³
191 2657 260 2709 Sunt
278 2666 305 2706 et
324 2655 387 2719 elii,
414 2672 479 2724 quos
494 2657 563 2706 inter
576 2653 693 2706 celebres
707 2657 793 2727 gentis
808 2672 868 2706 suae
883 2657 951 2707 viros
965 2657 1030 2708 falso
1043 2675 1113 2708 enu-

195 2749 293 2803 meret,
312 2749 342 2789 ut
355 2751 482 2801 eternus,
503 2749 529 2789 et
541 2752 664 2790 tentetur
678 2737 753 2806 Papa.
790 2737 873 2806 Lege,
887 2739 909 2788 si
920 2737 1114 2807 placet,dehoc

196 2822 326 2890 Scriptore
338 2819 469 2888 judicium
485 2833 640 2873 enouxnttstt
655 2821 692 2872 ed
705 2819 804 2872 Titelt
819 2816 1114 2889 Lib.1.tleg.⁷.v.5t,

195 2913 222 2954 et
236 2916 366 2954 renueret
389 2901 501 2952 Secundi
514 2919 573 2970 pag.
588 2901 632 2952 11.
649 2901 733 2954 Prref.
748 2906 776 2954 in
793 2903 977 2967 Claudianum.
1090 2896 1093 2907 ⁸

130 2987 172 3056 (2)
193 2985 370 3037 Vehementer
399 2986 428 3034 in
451 2999 581 3036 norrnrmr
603 2984 737 3036 invehitur
757 3002 780 3038 t.
802 3001 927 3038 trtrnoos
956 2987 984 3036 in
1017 2987 1114 3038 Comm.

196 3071 228 3122 de
252 3069 348 3135 Script.
371 3069 444 3118 Brit.
468 3065 552 3119 Oxou.
573 3067 651 3118 1709.
668 3067 733 3137 Cep.
749 3070 793 3120 87.
818 3086 877 3138 pag.
892 3070 952 3120 118.
986 3069 1115 3121 «Hector

197 3167 319 3204 sensurus
344 3149 454 3213 Soet-nr,
481 3151 581 3218 inquit,
608 3153 745 3217 omnium,
766 3153 813 3220 qui
835 3170 961 3220 umquam
980 3152 1115 3204 historiam

197 3237 370 3304 scripserunt,
403 3234 481 3302 longe
516 3235 688 3298 vanissimus,
722 3245 776 3286 tem
797 3235 892 3299 stulte,
924 3246 978 3286 tem
1007 3237 1114 3304 inepte,

196 3328 250 3368 tem
270 3315 373 3366 aniliter
387 3315 420 3365 de
437 3329 500 3366 nens
515 3315 661 3382 fabulatur,
680 3329 709 3368 ut
722 3319 805 3370 risum
823 3319 891 3370 mihi
905 3331 1007 3370 moreat
1020 3320 1114 3383 simul,

164 3419 168 3426 ·
198 3409 226 3450 et
248 3398 439 3450 stomachum.»
459 3425 495 3437 -
513 3397 637 3450 Ceterum
660 3413 791 3452 mernor
801 3423 814 3464 ,·
833 3419 894 3451 cum
915 3402 1013 3453 diceret
1033 3416 1118 3452 nrrrrr

197 3481 348 3550 frequenter
361 3483 390 3531 in
407 3483 563 3532 monasterio
578 3482 733 3534 Melroeenei
744 3483 890 3546 habitasse,
908 3484 1050 3552 deceptum,
1059 3499 1118 3533 esse

196 3573 259 3633 puto
280 3563 375 3615 cursim
394 3564 515 3632 legendis
537 3565 587 3628 iis,
614 3583 681 3632 quse
702 3568 799 3634 pessirn
812 3567 890 3618 tradit
904 3582 987 3629 not,
1005 3584 1031 3616 r.
1046 3583 1072 3632 g.
1088 3566 1117 3614 in

197 3648 250 3698 vite
271 3659 414 3698 eornsrnrr
437 3645 501 3714 Cap.
521 3647 556 3697 16
569 3657 597 3698 et
611 3643 646 3696 22
660 3649 689 3697 iu
704 3647 769 3698 fine.
804 3647 882 3700 Certe
896 3647 966 3698 haud
981 3647 1116 3698 insolitum

197 3742 251 3781 eret
271 3747 302 3782 eo
324 3741 457 3800 tempore,
482 3739 511 3781 ut
531 3730 560 3779 in
580 3729 668 3781 scotia
684 3741 741 3782 tum
756 3732 877 3800 Episcopi
891 3743 919 3782 et
933 3731 1069 3794 monachi,
1088 3742 1118 3781 ut

199 3813 255 3880 ipse
270 3825 448 3876 curreretur,
471 3823 526 3864 tum
544 3830 619 3882 reges
634 3814 732 3882 aliique
747 3814 925 3866 educarentur.
960 3815 1023 3866 vid.
1038 3817 1118 3865 etiam

199 3909 300 3948 stetu.
322 3895 457 3948 Malnteeb.
480 3899 508 3948 in
534 3899 597 3949 eall.
624 3899 722 3966 Script.
741 3905 804 3968 pori
823 3900 889 3950 Ber.
906 3899 1118 3950 Francoi.1601.

199 3978 259 4029 Lih.
281 3977 303 4029 1.
326 3978 390 4047 Cep.
414 3981 441 4030 3.
464 3999 524 4050 png.
545 3984 589 4034 18.
605 3984 633 4032 in
648 3983 715 4036 fine.
750 3983 842 4052 Quid?
859 3984 930 4051 quod
943 3985 999 4052 ipse
1017 3983 1120 4035 Seoiiac

131 4127 132 4130 Ἴ
198 4063 272 4130 regio
290 4063 469 4114 meridionalis
484 4082 542 4132 pars
558 4075 611 4114 eret
627 4067 868 4117 Nerthumbrorum
882 4067 977 4135 regni?
1002 4077 1123 4134 quercet

201 4161 341 4198 outrstnrs
364 4148 603 4198 Malmesbun'ensis
630 4157 657 4198 ct
677 4163 816 4204 consecres
838 4148 1122 4202 Westmonestm‘msir

197 4243 259 4280 eum
273 4246 353 4298 prope
370 4230 485 4282 Scotiam
500 4242 589 4283 netum
605 4248 660 4284 esse
676 4231 780 4283 dicunt.

914 4331 954 4394 Ι*
