2909 5392
745 536 835 640 'tto

290 773 398 838 vero,
418 752 505 841 quod
524 754 624 819 libros
642 756 710 840 jam
732 751 836 820 editos
860 753 997 836 adtinet,
1023 752 1064 816 ab
1093 749 1216 816 editore
1233 773 1311 841 ope·

289 895 361 936 rum
388 894 492 936 unuin
517 873 650 937 omnino
682 871 897 962 inspiciendos
929 888 962 937 et
989 869 1200 937 consulendos
1227 891 1313 954 esse,

290 1011 357 1053 non
375 1012 456 1079 opus
473 1005 521 1054 est
538 989 625 1078 quod
641 989 801 1074 dicamus,
821 1013 882 1055 nec
899 1007 1006 1054 tamen
1022 990 1098 1054 hinc
1112 989 1182 1053 siue
1198 1003 1311 1053 exacto

285 1103 408 1193 judicio
430 1104 550 1194 aliquid
570 1106 762 1177 sumendum
786 1123 850 1191 est,
875 1106 963 1195 quod
990 1129 1094 1172 aaran
1123 1106 1254 1171 nomine
1277 1105 1313 1168 in

288 1223 394 1289 lucem
418 1224 609 1313 proferatur.
658 1225 777 1290 Multas
801 1225 921 1316 quippe
943 1225 1108 1290 cautiones
1123 1246 1175 1289 res
1195 1223 1311 1303 babet,

289 1365 386 1430 quum
403 1342 629 1432 plerorumque
644 1342 722 1410 fides
739 1342 833 1410 valde
847 1358 993 1432 suspecta
1006 1343 1047 1408 sit
1064 1341 1123 1429 (1).

720 1551 873 1577 ψ

244 1760 247 1774 1
332 1690 402 1758 Jam
424 1694 587 1758 recensitis
605 1717 709 1760 annin
733 1691 902 1783 operibus,
931 1691 1142 1756 admiratione
1163 1692 1312 1780 profecto

213 1817 216 1824 '
289 1832 348 1876 nos
371 1809 466 1876 adlici
484 1812 637 1876 sentimus
660 1811 739 1894 viri,
765 1811 838 1898 qui,
864 1809 1007 1898 quamvis
1030 1809 1143 1899 ignoto
1157 1807 1227 1874 fere
1248 1824 1313 1874 ten·

289 1949 396 1992 rarum
419 1929 535 2018 angulo
554 1929 671 2012 latens,
696 1929 843 2018 plurimis
862 1945 895 1994 et
910 1950 972 2016 pro
986 1927 1042 1992 illa
1058 1943 1162 1992 aetate
1175 1927 1312 2017 splendi-

289 2043 424 2109 dissimis
449 2047 568 2136 ingenii
588 2063 621 2112 et
644 2045 819 2123 industriae
833 2046 1050 2111 monumentis
1066 2069 1240 2135 perennem
1252 2046 1313 2111 sibi
1403 2112 1408 2118 ,

288 2163 426 2228 nominis
451 2163 568 2230 famam
591 2166 802 2254 comparavit.
849 2165 1022 2255 Diligentia
1042 2163 1172 2252 quidem
1188 2179 1221 2229 et
1236 2165 1311 2228 assi-

286 2279 424 2364 duitate,
456 2283 574 2369 quibus
594 2283 736 2347 animum
765 2282 807 2347 ad
831 2281 936 2347 studia
962 2280 1161 2370 adplicabat,
1192 2282 1312 2347 nemini

286 2398 344 2464 ulli
367 2397 524 2467 secundus
543 2400 621 2483 fuit,
645 2398 751 2464 donec
771 2400 855 2466 inter
878 2398 1044 2464 docendos
1058 2398 1231 2489 disciptdos
1246 2400 1312 2489 spi·

207 2541 211 2552 “
285 2518 383 2582 ritum
410 2516 570 2584 redderet.
609 2517 763 2607 «Sepulta
791 2532 839 2582 est
870 2539 943 2581 cum
974 2539 1036 2599 eo,
1074 2517 1120 2581 ait
1147 2539 1308 2583 cunnum.

286 2634 475 2719 Malmesd„
499 2657 607 2700 rerum
629 2650 789 2725 gestarum
807 2631 910 2699 omnis
928 2657 1011 2723 pene
1027 2634 1142 2698 notitia
1155 2635 1311 2724 usquead

287 2767 396 2818 nostra
419 2768 576 2842 tempora.
630 2753 711 2817 Cum
741 2753 827 2817 enim
852 2753 945 2841 pigro
971 2775 1097 2840 semper
1124 2751 1310 2818 succederet

285 2869 560 2960 pigrior,-1uult0
584 2885 731 2959 tempore
753 2870 788 2933 in
806 2885 875 2932 tota
898 2868 1001 2933 insula
1019 2869 1196 2933 studiorum
1221 2869 1309 2935 dete·

285 2987 356 3074 pnit
368 2987 508 3053 fervor.»
524 2987 584 3077 (a).
623 2987 736 3075 Neque
750 2989 848 3078 igitur
864 2988 1032 3069 miramur,
1057 2987 1145 3076 quod
1158 3012 1218 3078 per
1231 2989 1310 3054 mul·

285 3118 336 3169 tos
360 3119 473 3193 postea
493 3127 608 3187 annos,
641 3128 739 3192 quum
764 3105 945 3193 turpissima
971 3105 1095 3194 ignavia
1125 3122 1176 3189 et,
1207 3124 1251 3183 ut¹
1264 3109 1310 3172 ita

288 3218 413 3304 dicam,
438 3237 553 3310 torpor
571 3237 676 3287 totum
697 3222 861 3287 literarum
882 3222 997 3287 orbem
1014 3222 1161 3288 invasisse
1176 3223 1308 3290 videba-

286 3351 355 3420 tur,
388 3341 454 3424 cjus
479 3340 659 3429 exempltun
686 3362 705 3404 a
726 3340 869 3406 melioris
891 3339 1009 3404 indolis
1034 3341 1110 3405 viris
1136 3340 1177 3405 ad
1204 3343 1309 3407 imita·
1359 3329 1362 3332 ⁴

285 3453 409 3520 tionem
422 3455 490 3520 aliis
503 3473 748 3545 proponeretur.
795 3457 1014 3522 Memorabilis
1031 3481 1071 3522 eo
1085 3460 1217 3523 nomine
1232 3483 1309 3549 prae

283 3571 399 3638 ceteris
413 3587 460 3637 est
472 3571 617 3662 Epistola
632 3595 785 3656 nucum,
807 3595 928 3638 canora
945 3596 1051 3639 uictu
1069 3575 1307 3665 Praeceptoris,

284 3689 404 3778 scripta
427 3689 469 3754 ad
491 3690 618 3756 Fratres
641 3690 784 3778 ejusdem
800 3692 1003 3774 monasterii,
1029 3691 1117 3779 quod
1134 3715 1244 3758 nrnrrr
1261 3694 1308 3759 vi·

285 3821 412 3872 ventem
427 3809 512 3874 intra
525 3832 634 3874 muros
650 3833 723 3875 suos
739 3811 912 3893 habuerat,
937 3825 986 3893 et,
1011 3808 1168 3898 quidquid
1187 3813 1308 3902 gloriae

283 3938 320 3988 et
335 3925 574 3991 existimationis
590 3944 798 3994 consecutum
813 3944 913 4011 esset,
938 3929 968 3994 oi
983 3929 1043 3994 soli
1060 3928 1209 3997 debebat.
1296 3979 1301 3988 .

330 4207 372 4277 (t)
393 4207 435 4262 Cf.
454 4225 546 4264 uirtus
564 4213 637 4263 Hert.
656 4213 713 4266 Lit.
731 4233 759 4284 p.
776 4215 837 4266 476.

330 4291 373 4360 (2)
394 4293 435 4344 De
455 4297 540 4346 Gestis
558 4298 625 4361 Bag.
645 4299 726 4362 Aegl.
748 4297 807 4349 Lib.
825 4298 847 4349 1.
864 4315 888 4348 c.
907 4300 933 4348 3.
