2909 5392
643 561 684 621 93

155 736 220 826 705
245 736 331 801 diem
348 737 479 818 obiisse,
503 759 542 800 ex
559 737 656 826 ipsius
669 760 773 801 ranas
796 738 937 803 Historia
959 742 1131 830 novimus(
1152 741 1177 831 ).

153 856 350 944 Conscripsit
375 857 431 918 has
454 855 575 919 Literas
598 878 700 939 asna,
726 855 815 942 quod
842 879 1006 922 screares
1034 875 1180 948 optatum

155 975 216 1039 sihi
240 975 310 1040 ¹esse
335 973 582 1063 significaverat,
614 991 651 1038 ut
680 974 752 1057 ille,
783 976 838 1062 qui
865 976 1068 1064 praecedenti
1093 982 1179 1042 anno

154 1092 277 1180 aliquot
299 1091 366 1156 dies
390 1115 464 1156 cum
488 1094 594 1157 amico
615 1091 770 1183 degisset,
795 1116 881 1158 nunc
903 1117 1030 1181 quoque
1051 1094 1180 1184 legendi

153 1211 255 1300 gratia
285 1207 481 1298 aliquamdiu
513 1233 621 1274 seeum
651 1209 883 1277 demoraretur.
907 1264 910 1268 .
931 1211 991 1274 cui
1019 1209 1178 1276 desiderio

156 1329 325 1416 quominus
353 1329 567 1411 satisfaceret,
600 1327 768 1418 impedivit
795 1327 946 1394 valetudo
974 1333 1059 1417 ejus;
1094 1331 1180 1394 misit

155 1461 263 1512 tamen
281 1448 414 1514 Literas.
465 1445 556 1527 Quae
578 1469 676 1534 quum
691 1445 846 1511 nonnulla
866 1445 908 1510 ad
926 1447 1093 1511 historiam
1110 1470 1181 1534 pea-

155 1565 290 1650 tinentia
310 1566 484 1630 memoriae
503 1562 646 1646 tradant,
670 1579 703 1628 et
718 1562 794 1626 satis
809 1579 991 1628 accuratam
1001 1563 1085 1626 illius
1102 1579 1181 1628 tem·

155 1669 242 1771 poris
258 1681 509 1771 descriptionem
530 1696 563 1746 et
579 1682 670 1770 quasi
684 1682 857 1770 imaginem
870 1681 1059 1769 praebeant,
1082 1703 1180 1746 nemo

157 1799 331 1883 dubitabit,
354 1802 430 1888 quin
451 1801 537 1865 lectu
557 1799 758 1890 dignissimae
780 1800 854 1864 sint.

199 1918 329 1982 Initium
344 1916 507 1984 scribendi
526 1919 621 1982 sumit
637 1933 751 1982 auctor
769 1917 810 1982 ah
827 1918 1049 1982 exhortatione
1064 1939 1180 1983 scau·

157 2059 212 2119 rr,
236 2050 272 2099 ut
291 2051 357 2099 tam
372 2036 455 2100 hene
472 2034 627 2118 vivendo,
653 2058 751 2122 quam
763 2051 852 2100 recte
865 2034 1034 2118 docendo,
1058 2036 1178 2126 gradu,

158 2151 200 2218 ad
213 2176 310 2241 quem
326 2151 558 2235 adscendisset,
577 2153 708 2242 dignum
721 2175 756 2216 se
767 2151 928 2218 redderet.
971 2155 1056 2218 Ante
1072 2155 1181 2218 omnia
1289 2246 1292 2249 ῃ

159 2271 256 2360 igitur
285 2271 371 2354 vult,
400 2286 436 2335 ut
464 2271 589 2354 otiosis,
623 2293 699 2357 quas
723 2269 818 2352 dicit,
853 2271 1008 2336 abstineat
1031 2272 1188 2337 confabu·'

157 2389 330 2454 latioribus
365 2407 398 2454 et
424 2391 549 2479 linguae
582 2388 761 2452 indomitae
794 2387 966 2476 contagiis,
1004 2405 1118 2454 eontra
1149 2407 1182 2456 et

157 2508 299 2597 linguam
319 2523 352 2572 et
371 2523 512 2573 mentem
534 2506 568 2572 S.
593 2505 776 2594 scripturae
801 2519 835 2568 et
858 2527 1018 2568 casconn
1039 2505 1182 2592 Operum

157 2624 297 2690 lectione
318 2625 466 2688 excolere
488 2621 635 2688 studeat..
677 2620 777 2686 Fama
797 2621 885 2686 enim
904 2636 973 2686 erat
993 2620 1035 2686 de
1057 2623 1183 2710 quihus·

158 2741 233 2806 dam
248 2743 430 2830 Episcopis,
452 2755 488 2803 ut
507 2761 591 2821 non,
617 2741 671 2826 qui
686 2737 900 2828 religiosiores
919 2753 951 2802 et
969 2738 1182 2804 continentio-

158 2883 209 2924 res
230 2874 348 2941 essent,
373 2879 481 2922 secum
499 2857 673 2938 haberent,
697 2879 810 2920 rerum
830 2857 953 2944 potius,
980 2857 1034 2944 qui
1051 2857 1128 2921 risui
1149 2871 1183 2922 et

155 2978 238 3064 jocis
268 2993 300 3041 et
330 2975 552 3042 comessationi
579 2973 716 3056 addicti,
747 2973 891 3061 quotidie
915 2976 1015 3065 magis
1036 2991 1181 3041 ventrem

158 3093 307 3184 dapibus,
327 3117 421 3180 quam
444 3108 584 3157 mentem
607 3091 770 3156 sacrificiis
795 3093 987 3172 coelestibus
998 3107 1178 3182 pascerent.

160 3213 225 3277 Eos
257 3212 353 3302 igitur
381 3211 486 3274 socios
519 3211 579 3274 sihi
608 3211 756 3300 eligeret,
782 3211 836 3296 qui
869 3226 902 3275 et
922 3212 1050 3276 actione
1072 3226 1105 3275 et
1128 3233 1182 3276 ex·

159 3329 341 3394 hortatione
366 3327 488 3415 populo
511 3325 662 3415 prodesse
690 3343 838 3416 possent,
869 3343 903 3393 et
932 3327 1068 3392 idoneos
1098 3328 1180 3392 sacri

157 3445 296 3508 muneris
314 3442 473 3529 adjutores
490 3466 524 3508 se
538 3458 747 3532 praestarent.
772 3445 854 3507 Cum
871 3459 976 3508 autem
990 3443 1081 3526 loca,
1101 3466 1181 3530 quae

158 3561 199 3627 ad
228 3563 324 3650 ipsius
351 3564 516 3650 regionem
540 3559 761 3647 pertinebant,
794 3561 910 3624 latiora
936 3576 1056 3642 essent,
1085 3582 1180 3647 quam

157 3695 194 3744 ut
213 3680 297 3744 solus
316 3678 424 3742 omnia
444 3692 552 3766 posset
571 3677 720 3760 lustrare,
746 3678 952 3766 Presbyteros
971 3678 1078 3767 plures
1097 3701 1183 3744 crea·

160 3811 226 3880 ret,
252 3797 401 3861 doctores
415 3795 637 3878 constitueret,
659 3796 713 3884 qui
734 3796 889 3886 poprdum
907 3795 1076 3881 docerent,
1093 3819 1183 3863 sacra

208 4111 250 4180 (1)
269 4109 328 4162 Lib.
348 4109 380 4160 V.
399 4125 456 4179 cap.
474 4107 517 4160 19.
536 4099 609 4159 Idem
627 4109 656 4158 in
674 4109 806 4175 Epitome.
824 4135 860 4146 -
880 4108 940 4159 suit
956 4119 1043 4160 autem
1059 4124 1182 4164 Auernus

265 4193 330 4258 ille,
352 4193 385 4243 de
407 4209 460 4260 quo
479 4191 524 4244 hic
546 4193 646 4260 agitur,
666 4190 721 4242 Rex
736 4191 961 4257 Nontumtriae,
978 4194 1025 4260 qui
1045 4211 1114 4244 anno
1131 4196 1183 4249 685

268 4291 375 4328 scritto
399 4277 468 4327 lratri
492 4277 620 4326 successit.
657 4275 718 4327 vid.
738 4276 811 4326 trist.
830 4275 903 4327 Eccl.
923 4275 983 4327 Lib.
1001 4275 1046 4328 lv.
1064 4295 1119 4346 cap.
1138 4280 1181 4331 26.
