2909 5392
770 543 812 602 94

281 721 428 810 mysteria
456 713 696 799 consecrarent,
725 718 882 806 baptisma
907 735 1108 811 peragerent.
1154 723 1302 811 Inprimis

276 838 454 924 Symbolum
470 836 692 926 Apostolorum
716 851 751 900 et
773 838 959 903 Orationem
976 841 1108 904 Domini
1129 843 1304 919 memoriae

279 956 449 1047 infigerent
479 970 630 1044 oportere
658 956 786 1038 scribit,
820 979 888 1022 non
915 958 1038 1041 solum,
1073 960 1126 1046 qui
1157 960 1303 1026 latinam

280 1074 421 1163 linguam
444 1071 646 1155 didicissent,
669 1096 782 1138 verum
807 1074 923 1158 etiam,
947 1076 1002 1163 qui
1030 1078 1097 1162 ejus
1124 1077 1227 1166 ignari
1256 1099 1305 1142 es·

280 1207 368 1275 sent,
391 1207 428 1254 ut
445 1191 535 1255 alteri
547 1191 603 1256 illa
616 1191 747 1273 Latine,
770 1192 861 1256 alteri
877 1193 1050 1258 vernaculo
1061 1216 1209 1259 sermone
1222 1196 1306 1260 reci·

280 1323 395 1374 tarent.
442 1308 555 1395 Neque
580 1310 645 1375 hoc
672 1307 713 1375 de
742 1309 845 1376 laicis
874 1311 994 1395 modo,
1029 1311 1086 1378 sed
1111 1311 1153 1378 de
1181 1313 1307 1378 clericis

281 1427 378 1490 etiam
403 1439 435 1490 et
459 1428 642 1509 monachis,
672 1429 725 1513 qui
746 1429 858 1494 Latine
874 1431 1053 1512 nescirent,
1078 1430 1201 1496 dictum
1223 1431 1304 1497 vult

281 1543 487 1633 Quapropter
500 1542 580 1632 ipse,
598 1545 633 1608 in
646 1567 737 1610 usum
749 1545 922 1610 midtorum
933 1547 1154 1632 Sacerdotem,
1171 1565 1205 1614 et
1214 1549 1307 1638 Sym·

279 1639 392 1728 bolum
416 1663 648 1753 Apostolorum
677 1679 710 1728 et
736 1663 926 1729 Orationem
947 1665 1081 1730 Domini
1106 1667 1142 1729 in
1165 1665 1307 1755 lingulam

281 1783 458 1871 Augurum
480 1803 514 1845 se
536 1778 710 1846 reddidisse
732 1798 876 1848 testatur.

325 1900 541 1986 Conqueritur
561 1921 662 1988 porro
686 1921 721 1964 se
747 1898 919 1982 audivisse,
944 1899 1059 1964 multas
1083 1900 1174 1965 villas
1201 1916 1235 1966 et
1259 1901 1306 1965 vi·
1402 1975 1413 1989 ·

280 2017 371 2086 culos
394 2017 430 2080 in
454 2016 618 2080 montibus
644 2017 812 2082 inaccessis
843 2032 876 2082 et
902 2016 1032 2082 saltibus
1055 2015 1196 2083 dumosis
1220 2018 1307 2084 inve·

282 2135 366 2217 niti,
397 2133 453 2198 ubi
482 2155 664 2220 nunquam,
694 2132 803 2198 multis
827 2136 1062 2200 transeuntibus
1084 2137 1193 2219 annis,
1224 2137 1309 2201 visits

282 2255 324 2317 sit
341 2251 497 2333 Antistes3
518 2273 653 2338 quorum
673 2266 783 2315 tamen
801 2275 844 2316 ne
865 2277 946 2318 unus
968 2254 1099 2342 quidem
1121 2277 1141 2319 a
1161 2255 1304 2337 tributis,

284 2369 429 2436 Antistiti
458 2365 647 2450 reddendis,
680 2369 830 2434 immunis
863 2393 929 2434 esse
960 2386 1080 2460 posset.
1134 2373 1230 2457 Cujus
1261 2371 1309 2436 rei

285 2488 388 2554 solam
407 2508 535 2550 causam
561 2507 627 2550 esse
649 2483 728 2551 dicit
752 2486 931 2573 auaritiam,
956 2486 1215 2574 quandoquidem
1233 2487 1309 2576 Epi·

284 2606 389 2695 scopi,
411 2604 566 2693 pecuniae
591 2625 702 2668 amore
727 2605 832 2692 capti,
856 2606 1013 2690 majorem
1031 2604 1144 2693 popuii
1162 2619 1305 2694 partem,

283 2745 379 2811 quam
408 2744 520 2787 curare
553 2735 700 2809 possent,
725 2719 760 2784 in
789 2743 880 2784 suam
907 2718 1064 2785 ditionem
1090 2718 1307 2786 adsumerent.

284 2841 449 2906 Admonet
471 2839 568 2928 igitur
593 2860 788 2920 someron,
812 2853 848 2902 ut
870 2838 977 2926 plures
1002 2838 1170 2902 ministerii
1190 2838 1239 2902 sui
1260 2861 1311 2904 so·

283 2960 352 3024 cios
386 2971 606 3038 consecraret,
639 2954 807 3020 consilium
836 2971 962 3021 secunus
991 2977 1151 3022 euneonn
1184 2956 1309 3044 Papae,

286 3075 341 3162 qui
363 3075 493 3158 literis,
525 3073 566 3138 ad
585 3095 797 3138 anonsrmuu
818 3071 914 3156 datis,
937 3071 1110 3139 duodecim
1133 3075 1312 3166 Episcopus

285 3188 526 3257 constituendos
541 3211 608 3255 esse
627 3189 851 3281 significasset,
874 3191 959 3256 inter
976 3214 1058 3279 quos
1068 3193 1210 3258 Antistes
1227 3191 1313 3259 Ebo-

288 3316 451 3394 recensu,
492 3324 628 3398 accepto
663 3309 787 3397 pallio,
827 3307 1093 3397 metropolitanus
1132 3327 1214 3378 esset
1248 3310 1311 3400 ().

335 3596 377 3665 (1)
397 3597 531 3666 Leguntur
549 3595 620 3663 ipsae
642 3603 764 3644 onroomr
779 3588 810 3639 nd
827 3602 986 3640 rocosum
1000 3587 1101 3639 Literae
1118 3590 1146 3638 in
1165 3603 1223 3640 nso.
1237 3589 1313 3640 Hist.

393 3680 467 3731 Ecol.
489 3677 550 3730 Lib.
563 3677 585 3728 1.
607 3693 631 3727 o.
645 3674 689 3725 29.
726 3671 858 3724 Suadebat
877 3669 963 3739 Papa,
987 3680 1016 3720 ut
1031 3671 1313 3722 insusurrantem·

395 3761 554 3831 Episcopum
568 3758 753 3819 constitueret,
771 3772 852 3824 quem
866 3753 961 3818 vellet,
981 3754 1016 3804 ita
1029 3764 1134 3817 tamen,
1153 3763 1183 3804 ut
1195 3753 1239 3804 hic
1253 3770 1315 3805 rur-

336 3833 339 3842 ’
394 3860 437 3896 sus
455 3841 594 3893 duodecim
615 3839 679 3890 alios
697 3847 813 3902 crearet,
832 3847 908 3906 atque
928 3837 984 3905 ipse
1000 3835 1214 3905 metropolitanus
1229 3848 1313 3902 esset,

394 3936 493 3989 nactus,
510 3939 591 3993 aeque
607 3932 683 3991 atquo
691 3921 834 3990 Episcopus
843 3922 1029 3986 museum,
1038 3921 1246 3990 palliumsSede
1254 3924 1314 3973 Ro-

395 4025 485 4061 mono.
519 4007 626 4070 Voluit,
645 4015 674 4057 ut
693 4021 786 4056 omnes
799 4006 959 4057 Britanniae
977 4007 1099 4076 Episcopi
1114 4021 1254 4058 rosontio
1267 4025 1313 4058 es-

398 4101 456 4144 sent
476 4087 602 4157 subjecti;
627 4096 684 4155 post
708 4085 782 4137 illius
802 4103 864 4138 vero
885 4086 1005 4152 obitum,
1030 4091 1100 4140 inter
1124 4089 1312 4141 unum

398 4175 556 4244 Episeopum
569 4182 595 4224 et
602 4172 792 4223 Eboracum
805 4187 835 4222 er
849 4181 916 4224 esset
930 4171 1036 4224 honoris
1048 4172 1192 4238 distinctio,
1208 4183 1237 4224 ut
1242 4175 1314 4242 prior

400 4258 553 4324 haberetur,
575 4257 620 4324 qui
641 4257 713 4325 prius
727 4255 818 4313 fuisset
838 4255 944 4311 electus.
964 4255 1055 4311 Narrat
1072 4267 1158 4312 eutem
1176 4271 1313 4311 sonitum
1346 4266 1352 4278 ·
