2909 5392
651 543 690 608 61

197 717 247 781 In
270 741 377 784 manu
399 731 433 783 et
455 727 621 802 areuna,
646 721 721 786 libri
742 723 807 788 III.

200 835 360 902 Continet
377 837 457 901 haee
474 837 645 924 Expositio
666 839 766 904 libros
782 836 863 905 duos
879 840 914 904 in
932 863 1060 926 mum,
1084 864 1185 911 unum

146 949 189 1015 in
218 977 416 1037 namuurum,
443 957 497 1042 qui
517 971 550 1020 et
573 979 653 1020 mar
681 955 838 1020 secundus
864 956 1002 1040 dieitur,
1027 975 1060 1025 et
1087 977 1187 1026 exstat

145 1069 188 1132 in
219 1071 307 1138 Edit.
327 1073 421 1137 Basil.
448 1074 542 1138 Tom.
561 1073 617 1138 IV.
638 1073 851 1162 pam-588,
877 1075 993 1141 Colon.
1010 1077 1105 1143 Tom.
1124 1079 1183 1146 IV.

145 1209 188 1274 p.
214 1189 373 1279 348·l77·
397 1191 521 1276 liujus
547 1191 669 1279 operis,
696 1190 737 1258 ad
753 1212 860 1256 accan
880 1192 1064 1258 Antistitem
1081 1216 1185 1280 eoque

148 1304 313 1372 hortante
339 1309 466 1397 scripti,
498 1309 694 1373 mentionem
715 1309 793 1372 facit
820 1332 905 1374 rann
925 1310 961 1372 in
981 1309 1184 1377 Praelatione

150 1421 204 1484 ad
214 1426 420 1490 Heaameron
432 1423 491 1513 (ι).
539 1426 610 1491 lam
626 1425 897 1512 quemadmodum
915 1427 951 1492 iu
964 1428 1078 1492 ceteris
1088 1426 1131 1492 V.
1144 1427 1184 1494 Τ.

152 1539 439 1630 Expmitionibus,
453 1543 498 1608 sic
513 1557 546 1610 et
558 1544 595 1636 in
604 1543 683 1624 hac,
697 1565 790 1608 sensu
800 1543 1009 1631 grammatico
1018 1543 1185 1633 neglecto,

154 1657 258 1722 altius
280 1658 357 1746 quid
373 1675 406 1723 et
424 1657 630 1747 dignius'sibi
647 1660 790 1747 reperire
813 1657 1011 1754 aidanum).
1058 1661 1186 1727 Hmuo·

155 1799 249 1840 utum
272 1791 378 1840 autem
404 1775 676 1862 Explanntz'onem
701 1776 934 1865 Prophetarum
957 1779 1099 1844 maximo
1125 1779 1187 1844 eibi

155 1890 348 1978 adquento
369 1891 465 1958 faiam
488 1905 634 1962 testatur.
694 1908 697 1914 ‘

203 2009 245 2073 In
269 2009 436 2074 Canticum
449 2032 626 2094 marene,
652 2011 735 2077 taber
754 2035 848 2079 unus.

206 2127 271 2192 Hie
298 2128 380 2194 liber
407 2126 609 2194 Editionibus
636 2128 781 2218 Operum
807 2151 913 2195 aaran
939 2152 1008 2196 non
1029 2132 1182 2215 interno,

156 2243 304 2312 seduna
333 2269 406 2311 oum
429 2248 669 2312 Commentario
693 2250 760 2332 ejus
783 2248 819 2312 in
842 2247 981 2315 Genesin
1002 2270 1042 2316 ex
1056 2247 1185 2340 duobus

160 2363 257 2448 nm.
275 2365 495 2430 anamma.
509 2365 765 2446 materiam,
789 2340 966 2451 namq...
985 2366 1054 2432 ane
1069 2365 1185 2449 dubio,

162 2503 245 2568 quae
257 2497 418 2546 memorat
433 2501 551 2546 cavum
573 2479 640 2568 (3),
661 2481 740 2566 juris
761 2479 884 2568 publici
906 2479 1007 2544 factus
1023 2496 1071 2544 eat
1087 2483 1133 2545 ab·
1145 2507 1183 2550 u.

159 2619 346 2664 marono
366 2596 391 2662 l.
408 2596 432 2662 l.
456 2619 531 2686 pag.
560 2617 639 2682 191,
657 2618 746 2684 seqq.
793 2596 863 2660 Jam
883 2611 978 2663 antea
1000 2612 1114 2662 tamen
1127 2599 1183 2664 ille

160 2715 338 2808 fingmento
355 2711 510 2801 quaedam
527 2711 660 2778 dederat
679 2714 714 2778 iu
730 2716 884 2789 Auctorio
896 2713 944 2778 ad
954 2736 1078 2780 ussum
1094 2716 1182 2800 Hist.

162 2835 278 2920 Dogm.
304 2853 340 2919 p.
360 2827 443 2912 356,
466 2851 555 2918 seqq.
604 2829 721 2894 Totam
736 2852 814 2896 vero
832 2831 1041 2920 scriptionem
1057 2833 1187 2920 repetiit
1242 2916 1244 2921 Ι

159 2973 240 3016 nort.
271 2971 424 3014 umrrru
450 2946 474 3014 l.
502 2969 534 3014 o.
555 2947 650 3012 Tom.
669 2944 711 3012 V.
735 2969 770 3034 p.
796 2946 873 3033 295.
919 2947 994 3012 Hoc
1018 2963 1125 3014 autem
1149 2950 1185 3013 in

158 3066 260 3151 libro,
284 3067 340 3155 qui
362 3064 586 3132 dilectissimae
603 3065 639 3128 in
655 3085 794 3134 uumsro
809 3066 914 3128 sorori
930 3063 1096 3150 dedieatus
1113 3080 1181 3149 aet,

161 3207 246 3248 aaut
271 3184 395 3262 omnia,
425 3205 506 3272 quae
532 3181 700 3247 Canticum
726 3182 808 3246 vatis
826 3180 926 3261 divini
947 3182 1110 3265 continet,
1140 3181 1183 3246 ad

160 3325 291 3368 onmem
313 3299 483 3366 adventum
497 3300 581 3364 hanc
599 3299 633 3364 iu
651 3313 789 3382 terram,
810 3315 966 3382 mortem,
990 3298 1130 3365 reditum
1148 3299 1183 3366 in

161 3421 279 3502 vitam,
305 3433 338 3484 et
355 3418 476 3484 abitum
497 3416 531 3482 in
551 3417 662 3482 coelos
677 3417 787 3482 refert.
833 3417 904 3481 Nee
924 3414 1105 3480 mirandum
1124 3416 1183 3504 igi·
1256 3463 1259 3466 -

158 3552 226 3620 tur,
251 3561 325 3602 eum
343 3534 477 3602 laudare
496 3533 672 3600 Ecclesiam
688 3534 884 3616 Romanam,
909 3531 997 3621 quod
1011 3531 1180 3601 Canticum

203 3911 245 3980 (1)
264 3911 342 3982 Oper.
357 3911 432 3966 Tem.
447 3913 495 3966 IV.
510 3933 570 3984 pag.
582 3917 610 3968 1.

204 3995 247 4066 (2)
267 3995 404 4048 «Confido
415 4015 477 4048 tero
490 3999 607 4066 adjutore
622 4015 651 4048 ao
664 3997 787 4050 saltatore
802 4007 900 4060 notua,
918 3997 945 4049 J.
960 3995 1005 4055 0.,
1023 3997 1085 4064 qnia
1099 3994 1179 4048 donet

265 4079 342 4130 nobit
363 4081 507 4147 propitius,
534 4089 629 4130 retecto
649 4079 743 4130 eortiee
757 4079 866 4139 literae,
885 4075 961 4126 altius
975 4076 1040 4144 quid
1055 4086 1081 4128 et
1094 4092 1179 4128 taen·

262 4163 312 4212 tius
333 4163 360 4211 in
379 4161 495 4214 medulla
510 4179 600 4214 sensus
615 4161 739 4232 spiritalis
754 4162 907 4213 invenire.»
943 4159 1025 4212 Praei.
1040 4161 1070 4212 iu
1082 4160 1141 4214 Lib.
1157 4160 1180 4212 l.

202 4245 244 4312 (3)
265 4245 296 4296 L.
313 4246 357 4296 eit.
371 4263 431 4314 pag.
447 4246 508 4298 615.
