<?xml version="1.0" encoding="UTF-8"?>
<!DOCTYPE html PUBLIC "-//W3C//DTD XHTML 1.0 Transitional//EN"
    "http://www.w3.org/TR/xhtml1/DTD/xhtml1-transitional.dtd">
<html xmlns="http://www.w3.org/1999/xhtml" xml:lang="en" lang="en">
 <head>
  <title>
</title>
<meta http-equiv="Content-Type" content="text/html;charset=utf-8" />
  <meta name='ocr-system' content='tesseract 3.04.00' />
  <meta name='ocr-capabilities' content='ocr_page ocr_carea ocr_par ocr_line ocrx_word'/>
</head>
<body>
  <div class='ocr_page' id='page_1' title='image "./disputatiohisto01gehlgoog_0104.png"; bbox 0 0 2909 5392; ppageno 0'>
   <div class='ocr_carea' id='block_1_1' title="bbox 767 543 809 602">
    <p class='ocr_par' dir='ltr' id='par_1_1' title="bbox 767 543 809 602">
     <span class='ocr_line' id='line_1_1' title="bbox 767 543 809 602; baseline 0 0"><span class='ocrx_word' id='word_1_1' title='bbox 767 543 809 602; x_wconf 79' lang='lat'><strong>94</strong></span> 
     </span>
    </p>
   </div>
   <div class='ocr_carea' id='block_1_2' title="bbox 275 714 1306 1873">
    <p class='ocr_par' dir='ltr' id='par_1_2' title="bbox 275 714 1306 1873">
     <span class='ocr_line' id='line_1_2' title="bbox 279 714 1301 811; baseline 0 -23"><span class='ocrx_word' id='word_1_2' title='bbox 279 722 426 811; x_wconf 86' lang='lat' dir='ltr'><strong>mysteria</strong></span> <span class='ocrx_word' id='word_1_3' title='bbox 454 714 695 799; x_wconf 68' lang='lat' dir='ltr'>consecrarent,</span> <span class='ocrx_word' id='word_1_4' title='bbox 723 719 881 806; x_wconf 89' lang='lat' dir='ltr'><strong>baptisma</strong></span> <span class='ocrx_word' id='word_1_5' title='bbox 906 736 1106 811; x_wconf 81' lang='lat' dir='ltr'><strong>peragerent.</strong></span> <span class='ocrx_word' id='word_1_6' title='bbox 1153 723 1301 811; x_wconf 82' lang='lat' dir='ltr'>Inprimis</span> 
     </span>
     <span class='ocr_line' id='line_1_3' title="bbox 275 836 1302 926; baseline 0.003 -23"><span class='ocrx_word' id='word_1_7' title='bbox 275 839 453 926; x_wconf 81' lang='lat' dir='ltr'><strong>Symbolum</strong></span> <span class='ocrx_word' id='word_1_8' title='bbox 468 836 690 926; x_wconf 78' lang='lat' dir='ltr'><em>Apostolorum</em></span> <span class='ocrx_word' id='word_1_9' title='bbox 715 852 749 901; x_wconf 90' lang='lat' dir='ltr'><strong>et</strong></span> <span class='ocrx_word' id='word_1_10' title='bbox 772 838 958 903; x_wconf 79' lang='lat' dir='ltr'><em>Orationem</em></span> <span class='ocrx_word' id='word_1_11' title='bbox 975 841 1107 904; x_wconf 85' lang='lat' dir='ltr'><strong>Domini</strong></span> <span class='ocrx_word' id='word_1_12' title='bbox 1127 843 1302 919; x_wconf 85' lang='lat' dir='ltr'><strong>memoriae</strong></span> 
     </span>
     <span class='ocr_line' id='line_1_4' title="bbox 278 956 1302 1048; baseline 0.002 -25"><span class='ocrx_word' id='word_1_13' title='bbox 278 957 448 1048; x_wconf 83' lang='lat' dir='ltr'><strong>infigerent</strong></span> <span class='ocrx_word' id='word_1_14' title='bbox 478 971 628 1045; x_wconf 79' lang='lat' dir='ltr'><strong>oportere</strong></span> <span class='ocrx_word' id='word_1_15' title='bbox 657 956 784 1039; x_wconf 83' lang='lat' dir='ltr'><strong>scribit,</strong></span> <span class='ocrx_word' id='word_1_16' title='bbox 819 980 887 1021; x_wconf 90' lang='lat' dir='ltr'><strong>non</strong></span> <span class='ocrx_word' id='word_1_17' title='bbox 914 957 1037 1042; x_wconf 89' lang='lat' dir='ltr'><strong>solnm,</strong></span> <span class='ocrx_word' id='word_1_18' title='bbox 1071 960 1125 1046; x_wconf 91' lang='lat' dir='ltr'><strong>qui</strong></span> <span class='ocrx_word' id='word_1_19' title='bbox 1156 959 1302 1025; x_wconf 77' lang='lat' dir='ltr'><strong>Latinam</strong></span> 
     </span>
     <span class='ocr_line' id='line_1_5' title="bbox 278 1071 1303 1166; baseline 0.002 -27"><span class='ocrx_word' id='word_1_20' title='bbox 278 1074 420 1164; x_wconf 81' lang='lat' dir='ltr'><strong>linguam</strong></span> <span class='ocrx_word' id='word_1_21' title='bbox 443 1071 644 1156; x_wconf 86' lang='lat' dir='ltr'><strong>didicissent,</strong></span> <span class='ocrx_word' id='word_1_22' title='bbox 668 1097 781 1138; x_wconf 83' lang='lat' dir='ltr'><strong>verum</strong></span> <span class='ocrx_word' id='word_1_23' title='bbox 805 1075 922 1159; x_wconf 91' lang='lat' dir='ltr'><strong>etiam,</strong></span> <span class='ocrx_word' id='word_1_24' title='bbox 947 1077 1000 1163; x_wconf 90' lang='lat' dir='ltr'><strong>qui</strong></span> <span class='ocrx_word' id='word_1_25' title='bbox 1029 1078 1096 1161; x_wconf 87' lang='lat' dir='ltr'><strong>ejus</strong></span> <span class='ocrx_word' id='word_1_26' title='bbox 1123 1077 1225 1166; x_wconf 84' lang='lat' dir='ltr'><strong>ignari</strong></span> <span class='ocrx_word' id='word_1_27' title='bbox 1254 1099 1303 1141; x_wconf 89' lang='lat' dir='ltr'><strong>es·</strong></span> 
     </span>
     <span class='ocr_line' id='line_1_6' title="bbox 278 1192 1305 1276; baseline 0.002 -18"><span class='ocrx_word' id='word_1_28' title='bbox 278 1207 366 1276; x_wconf 83' lang='lat' dir='ltr'><strong>sent,</strong></span> <span class='ocrx_word' id='word_1_29' title='bbox 390 1208 427 1256; x_wconf 92' lang='lat' dir='ltr'><strong>ut</strong></span> <span class='ocrx_word' id='word_1_30' title='bbox 443 1192 533 1256; x_wconf 86' lang='lat' dir='ltr'><strong>alteri</strong></span> <span class='ocrx_word' id='word_1_31' title='bbox 546 1192 602 1257; x_wconf 84' lang='lat' dir='ltr'><strong>illa</strong></span> <span class='ocrx_word' id='word_1_32' title='bbox 614 1192 746 1275; x_wconf 88' lang='lat' dir='ltr'><strong>Latine,</strong></span> <span class='ocrx_word' id='word_1_33' title='bbox 768 1192 860 1257; x_wconf 81' lang='lat' dir='ltr'><strong>alteri</strong></span> <span class='ocrx_word' id='word_1_34' title='bbox 876 1193 1050 1259; x_wconf 84' lang='lat' dir='ltr'><strong>vernaculo</strong></span> <span class='ocrx_word' id='word_1_35' title='bbox 1060 1217 1207 1259; x_wconf 88' lang='lat' dir='ltr'><strong>sermone</strong></span> <span class='ocrx_word' id='word_1_36' title='bbox 1220 1196 1305 1260; x_wconf 89' lang='lat' dir='ltr'><strong>reci·</strong></span> 
     </span>
     <span class='ocr_line' id='line_1_7' title="bbox 278 1309 1306 1397; baseline 0.001 -21"><span class='ocrx_word' id='word_1_37' title='bbox 278 1325 394 1376; x_wconf 85' lang='lat' dir='ltr'><strong>tarent.</strong></span> <span class='ocrx_word' id='word_1_38' title='bbox 440 1309 554 1397; x_wconf 87' lang='lat' dir='ltr'><strong>Neque</strong></span> <span class='ocrx_word' id='word_1_39' title='bbox 579 1311 644 1376; x_wconf 90' lang='lat' dir='ltr'><strong>hoc</strong></span> <span class='ocrx_word' id='word_1_40' title='bbox 670 1309 711 1376; x_wconf 92' lang='lat' dir='ltr'><strong>de</strong></span> <span class='ocrx_word' id='word_1_41' title='bbox 740 1310 844 1376; x_wconf 75' lang='lat' dir='ltr'><strong>Inicio</strong></span> <span class='ocrx_word' id='word_1_42' title='bbox 873 1311 993 1395; x_wconf 91' lang='lat' dir='ltr'><strong>modo,</strong></span> <span class='ocrx_word' id='word_1_43' title='bbox 1028 1311 1085 1379; x_wconf 87' lang='lat' dir='ltr'><strong>sed</strong></span> <span class='ocrx_word' id='word_1_44' title='bbox 1110 1311 1151 1378; x_wconf 93' lang='lat' dir='ltr'><strong>de</strong></span> <span class='ocrx_word' id='word_1_45' title='bbox 1179 1313 1306 1379; x_wconf 79' lang='lat' dir='ltr'><strong>clericis</strong></span> 
     </span>
     <span class='ocr_line' id='line_1_8' title="bbox 280 1429 1303 1515; baseline 0.002 -21"><span class='ocrx_word' id='word_1_46' title='bbox 280 1429 378 1494; x_wconf 91' lang='lat' dir='ltr'><strong>etiam</strong></span> <span class='ocrx_word' id='word_1_47' title='bbox 402 1441 435 1492; x_wconf 90' lang='lat' dir='ltr'><strong>et</strong></span> <span class='ocrx_word' id='word_1_48' title='bbox 458 1429 641 1510; x_wconf 85' lang='lat' dir='ltr'><strong>monachis,</strong></span> <span class='ocrx_word' id='word_1_49' title='bbox 670 1431 725 1515; x_wconf 90' lang='lat' dir='ltr'><strong>qui</strong></span> <span class='ocrx_word' id='word_1_50' title='bbox 745 1430 857 1495; x_wconf 84' lang='lat' dir='ltr'><strong>Latine</strong></span> <span class='ocrx_word' id='word_1_51' title='bbox 872 1431 1052 1514; x_wconf 79' lang='lat' dir='ltr'><strong>nescirent,</strong></span> <span class='ocrx_word' id='word_1_52' title='bbox 1077 1430 1200 1496; x_wconf 90' lang='lat' dir='ltr'><strong>dictum</strong></span> <span class='ocrx_word' id='word_1_53' title='bbox 1221 1431 1303 1497; x_wconf 85' lang='lat' dir='ltr'><strong>vult.</strong></span> 
     </span>
     <span class='ocr_line' id='line_1_9' title="bbox 280 1545 1305 1638; baseline 0.002 -26"><span class='ocrx_word' id='word_1_54' title='bbox 280 1545 486 1636; x_wconf 85' lang='lat' dir='ltr'><strong>Quapropter</strong></span> <span class='ocrx_word' id='word_1_55' title='bbox 500 1545 580 1634; x_wconf 88' lang='lat' dir='ltr'><strong>ipse,</strong></span> <span class='ocrx_word' id='word_1_56' title='bbox 598 1547 632 1611; x_wconf 92' lang='lat' dir='ltr'><strong>in</strong></span> <span class='ocrx_word' id='word_1_57' title='bbox 645 1569 736 1610; x_wconf 90' lang='lat' dir='ltr'><strong>usum</strong></span> <span class='ocrx_word' id='word_1_58' title='bbox 748 1547 922 1612; x_wconf 90' lang='lat' dir='ltr'><strong>multorum</strong></span> <span class='ocrx_word' id='word_1_59' title='bbox 932 1548 1153 1633; x_wconf 70' lang='lat' dir='ltr'><strong>sacerdotum,</strong></span> <span class='ocrx_word' id='word_1_60' title='bbox 1170 1565 1203 1614; x_wconf 92' lang='lat' dir='ltr'><strong>et</strong></span> <span class='ocrx_word' id='word_1_61' title='bbox 1213 1550 1305 1638; x_wconf 79' lang='lat' dir='ltr'><strong>Sym·</strong></span> 
     </span>
     <span class='ocr_line' id='line_1_10' title="bbox 278 1663 1306 1756; baseline -0.001 -25"><span class='ocrx_word' id='word_1_62' title='bbox 278 1665 390 1732; x_wconf 90' lang='lat' dir='ltr'><strong>bolum</strong></span> <span class='ocrx_word' id='word_1_63' title='bbox 416 1663 647 1754; x_wconf 85' lang='lat' dir='ltr'><strong>Apostolorum</strong></span> <span class='ocrx_word' id='word_1_64' title='bbox 676 1679 709 1730; x_wconf 91' lang='lat' dir='ltr'><strong>et</strong></span> <span class='ocrx_word' id='word_1_65' title='bbox 734 1665 924 1730; x_wconf 87' lang='lat' dir='ltr'><strong>Orationem</strong></span> <span class='ocrx_word' id='word_1_66' title='bbox 946 1665 1080 1730; x_wconf 88' lang='lat' dir='ltr'><strong>Domini</strong></span> <span class='ocrx_word' id='word_1_67' title='bbox 1105 1667 1141 1729; x_wconf 91' lang='lat' dir='ltr'><strong>in</strong></span> <span class='ocrx_word' id='word_1_68' title='bbox 1164 1665 1306 1756; x_wconf 65' lang='lat' dir='ltr'><strong>lingum</strong></span> 
     </span>
     <span class='ocr_line' id='line_1_11' title="bbox 279 1780 875 1873; baseline 0 -23"><span class='ocrx_word' id='word_1_69' title='bbox 279 1785 457 1873; x_wconf 77' lang='lat' dir='ltr'><strong>Anglorum</strong></span> <span class='ocrx_word' id='word_1_70' title='bbox 479 1805 512 1847; x_wconf 88' lang='lat' dir='ltr'><strong>se</strong></span> <span class='ocrx_word' id='word_1_71' title='bbox 535 1780 709 1848; x_wconf 88' lang='lat' dir='ltr'><strong>reddidisse</strong></span> <span class='ocrx_word' id='word_1_72' title='bbox 731 1799 875 1850; x_wconf 84' lang='lat' dir='ltr'><strong>testatur.</strong></span> 
     </span>
    </p>
   </div>
   <div class='ocr_carea' id='block_1_3' title="bbox 323 1899 1425 1989">
    <p class='ocr_par' dir='ltr' id='par_1_3' title="bbox 323 1899 1425 1989">
     <span class='ocr_line' id='line_1_12' title="bbox 323 1899 1425 1989; baseline -0.003 -23"><span class='ocrx_word' id='word_1_73' title='bbox 323 1902 539 1989; x_wconf 85' lang='lat' dir='ltr'><strong>Conqueritur</strong></span> <span class='ocrx_word' id='word_1_74' title='bbox 560 1922 661 1989; x_wconf 87' lang='lat' dir='ltr'><strong>porro</strong></span> <span class='ocrx_word' id='word_1_75' title='bbox 685 1922 720 1964; x_wconf 90' lang='lat' dir='ltr'><strong>se</strong></span> <span class='ocrx_word' id='word_1_76' title='bbox 747 1899 918 1984; x_wconf 72' lang='lat' dir='ltr'><strong>audivisse,</strong></span> <span class='ocrx_word' id='word_1_77' title='bbox 943 1901 1058 1966; x_wconf 76' lang='lat' dir='ltr'><strong>mtdtas</strong></span> <span class='ocrx_word' id='word_1_78' title='bbox 1082 1901 1173 1965; x_wconf 81' lang='lat' dir='ltr'><strong>villas</strong></span> <span class='ocrx_word' id='word_1_79' title='bbox 1200 1917 1234 1966; x_wconf 90' lang='lat' dir='ltr'><strong>et</strong></span> <span class='ocrx_word' id='word_1_80' title='bbox 1258 1901 1305 1965; x_wconf 87' lang='lat' dir='ltr'><strong>vi-</strong></span> <span class='ocrx_word' id='word_1_81' title='bbox 1413 1973 1425 1986; x_wconf 86' lang='lat'><strong>.</strong></span> 
     </span>
    </p>
   </div>
   <div class='ocr_carea' id='block_1_4' title="bbox 279 2017 1307 2088">
    <p class='ocr_par' dir='ltr' id='par_1_4' title="bbox 279 2017 1307 2088">
     <span class='ocr_line' id='line_1_13' title="bbox 279 2017 1307 2088; baseline -0.004 0"><span class='ocrx_word' id='word_1_82' title='bbox 279 2018 370 2088; x_wconf 85' lang='lat' dir='ltr'><strong>culos</strong></span> <span class='ocrx_word' id='word_1_83' title='bbox 393 2019 429 2082; x_wconf 92' lang='lat' dir='ltr'><strong>in</strong></span> <span class='ocrx_word' id='word_1_84' title='bbox 453 2018 617 2083; x_wconf 89' lang='lat' dir='ltr'><strong>montibus</strong></span> <span class='ocrx_word' id='word_1_85' title='bbox 642 2017 811 2083; x_wconf 86' lang='lat' dir='ltr'><strong>inaccessis</strong></span> <span class='ocrx_word' id='word_1_86' title='bbox 842 2034 875 2082; x_wconf 93' lang='lat' dir='ltr'><strong>et</strong></span> <span class='ocrx_word' id='word_1_87' title='bbox 901 2018 1031 2083; x_wconf 83' lang='lat' dir='ltr'><strong>saltibus</strong></span> <span class='ocrx_word' id='word_1_88' title='bbox 1054 2017 1195 2084; x_wconf 86' lang='lat' dir='ltr'><strong>dumosis</strong></span> <span class='ocrx_word' id='word_1_89' title='bbox 1219 2020 1307 2084; x_wconf 84' lang='lat' dir='ltr'><strong>inve·</strong></span> 
     </span>
    </p>
   </div>
   <div class='ocr_carea' id='block_1_5' title="bbox 281 2134 1308 2233">
    <p class='ocr_par' dir='ltr' id='par_1_5' title="bbox 281 2134 1308 2233">
     <span class='ocr_line' id='line_1_14' title="bbox 281 2134 1308 2233; baseline -0.001 -31"><span class='ocrx_word' id='word_1_90' title='bbox 281 2137 365 2220; x_wconf 90' lang='lat' dir='ltr'><strong>niri,</strong></span> <span class='ocrx_word' id='word_1_91' title='bbox 396 2135 451 2200; x_wconf 92' lang='lat' dir='ltr'><strong>ubi</strong></span> <span class='ocrx_word' id='word_1_92' title='bbox 481 2157 663 2223; x_wconf 89' lang='lat' dir='ltr'><strong>nunquam,</strong></span> <span class='ocrx_word' id='word_1_93' title='bbox 693 2134 802 2198; x_wconf 86' lang='lat' dir='ltr'><strong>mtdtis</strong></span> <span class='ocrx_word' id='word_1_94' title='bbox 826 2137 1061 2233; x_wconf 85' lang='lat' dir='ltr'><strong>transeuntibus</strong></span> <span class='ocrx_word' id='word_1_95' title='bbox 1083 2136 1191 2219; x_wconf 89' lang='lat' dir='ltr'><strong>annis,</strong></span> <span class='ocrx_word' id='word_1_96' title='bbox 1223 2137 1308 2201; x_wconf 68' lang='lat' dir='ltr'><strong>mstis</strong></span> 
     </span>
    </p>
   </div>
   <div class='ocr_carea' id='block_1_6' title="bbox 281 2253 1313 3401">
    <p class='ocr_par' dir='ltr' id='par_1_6' title="bbox 281 2253 1313 3401">
     <span class='ocr_line' id='line_1_15' title="bbox 281 2253 1304 2343; baseline -0.002 -23"><span class='ocrx_word' id='word_1_97' title='bbox 281 2256 323 2320; x_wconf 89' lang='lat' dir='ltr'><strong>sit</strong></span> <span class='ocrx_word' id='word_1_98' title='bbox 340 2253 496 2335; x_wconf 72' lang='lat' dir='ltr'><strong>Antiates,</strong></span> <span class='ocrx_word' id='word_1_99' title='bbox 516 2275 652 2339; x_wconf 90' lang='lat' dir='ltr'><strong>quorum</strong></span> <span class='ocrx_word' id='word_1_100' title='bbox 671 2268 782 2316; x_wconf 83' lang='lat' dir='ltr'><strong>tamen</strong></span> <span class='ocrx_word' id='word_1_101' title='bbox 800 2275 843 2318; x_wconf 91' lang='lat' dir='ltr'><strong>ne</strong></span> <span class='ocrx_word' id='word_1_102' title='bbox 864 2277 945 2318; x_wconf 90' lang='lat' dir='ltr'><strong>unus</strong></span> <span class='ocrx_word' id='word_1_103' title='bbox 967 2253 1098 2343; x_wconf 90' lang='lat' dir='ltr'><strong>quidem</strong></span> <span class='ocrx_word' id='word_1_104' title='bbox 1120 2277 1140 2320; x_wconf 84' lang='lat' dir='ltr'>a</span> <span class='ocrx_word' id='word_1_105' title='bbox 1160 2254 1304 2337; x_wconf 86' lang='lat' dir='ltr'><strong>tributis,</strong></span> 
     </span>
     <span class='ocr_line' id='line_1_16' title="bbox 283 2367 1309 2458; baseline -0.002 -20"><span class='ocrx_word' id='word_1_106' title='bbox 283 2370 429 2438; x_wconf 85' lang='lat' dir='ltr'><strong>Antistiti</strong></span> <span class='ocrx_word' id='word_1_107' title='bbox 457 2367 646 2451; x_wconf 83' lang='lat' dir='ltr'><strong>reddendis,</strong></span> <span class='ocrx_word' id='word_1_108' title='bbox 679 2370 830 2434; x_wconf 87' lang='lat' dir='ltr'><strong>immunis</strong></span> <span class='ocrx_word' id='word_1_109' title='bbox 861 2393 928 2435; x_wconf 86' lang='lat' dir='ltr'><strong>esse</strong></span> <span class='ocrx_word' id='word_1_110' title='bbox 960 2386 1079 2458; x_wconf 69' lang='lat' dir='ltr'><strong>possm.</strong></span> <span class='ocrx_word' id='word_1_111' title='bbox 1133 2373 1230 2457; x_wconf 81' lang='lat' dir='ltr'><strong>Cujus</strong></span> <span class='ocrx_word' id='word_1_112' title='bbox 1260 2370 1309 2436; x_wconf 87' lang='lat' dir='ltr'><strong>rei</strong></span> 
     </span>
     <span class='ocr_line' id='line_1_17' title="bbox 284 2483 1309 2576; baseline -0.006 -20"><span class='ocrx_word' id='word_1_113' title='bbox 284 2489 387 2556; x_wconf 87' lang='lat' dir='ltr'><strong>solam</strong></span> <span class='ocrx_word' id='word_1_114' title='bbox 407 2509 535 2552; x_wconf 86' lang='lat' dir='ltr'><strong>causam</strong></span> <span class='ocrx_word' id='word_1_115' title='bbox 560 2509 627 2552; x_wconf 86' lang='lat' dir='ltr'><strong>esse</strong></span> <span class='ocrx_word' id='word_1_116' title='bbox 648 2483 727 2551; x_wconf 90' lang='lat' dir='ltr'><strong>dicit</strong></span> <span class='ocrx_word' id='word_1_117' title='bbox 751 2487 931 2570; x_wconf 83' lang='lat' dir='ltr'><strong>avaritiam,</strong></span> <span class='ocrx_word' id='word_1_118' title='bbox 955 2485 1215 2576; x_wconf 84' lang='lat' dir='ltr'><strong>quandoquidem</strong></span> <span class='ocrx_word' id='word_1_119' title='bbox 1233 2487 1309 2576; x_wconf 89' lang='lat' dir='ltr'><strong>Epi·</strong></span> 
     </span>
     <span class='ocr_line' id='line_1_18' title="bbox 283 2604 1305 2696; baseline -0.004 -23"><span class='ocrx_word' id='word_1_120' title='bbox 283 2607 388 2696; x_wconf 91' lang='lat' dir='ltr'><strong>scopi,</strong></span> <span class='ocrx_word' id='word_1_121' title='bbox 411 2604 566 2695; x_wconf 87' lang='lat' dir='ltr'><strong>pecuniae</strong></span> <span class='ocrx_word' id='word_1_122' title='bbox 590 2625 700 2669; x_wconf 89' lang='lat' dir='ltr'><strong>amore</strong></span> <span class='ocrx_word' id='word_1_123' title='bbox 725 2605 832 2694; x_wconf 90' lang='lat' dir='ltr'><strong>capti,</strong></span> <span class='ocrx_word' id='word_1_124' title='bbox 856 2607 1012 2690; x_wconf 86' lang='lat' dir='ltr'><strong>majorem</strong></span> <span class='ocrx_word' id='word_1_125' title='bbox 1030 2604 1143 2693; x_wconf 89' lang='lat' dir='ltr'><strong>populi</strong></span> <span class='ocrx_word' id='word_1_126' title='bbox 1161 2619 1305 2694; x_wconf 84' lang='lat' dir='ltr'><strong>partem,</strong></span> 
     </span>
     <span class='ocr_line' id='line_1_19' title="bbox 282 2717 1306 2814; baseline -0.004 -25"><span class='ocrx_word' id='word_1_127' title='bbox 282 2747 378 2814; x_wconf 87' lang='lat' dir='ltr'><strong>quam</strong></span> <span class='ocrx_word' id='word_1_128' title='bbox 408 2745 520 2788; x_wconf 87' lang='lat' dir='ltr'><strong>curare</strong></span> <span class='ocrx_word' id='word_1_129' title='bbox 553 2735 700 2809; x_wconf 84' lang='lat' dir='ltr'><strong>possent,</strong></span> <span class='ocrx_word' id='word_1_130' title='bbox 725 2720 760 2784; x_wconf 90' lang='lat' dir='ltr'><strong>in</strong></span> <span class='ocrx_word' id='word_1_131' title='bbox 789 2742 879 2784; x_wconf 83' lang='lat' dir='ltr'><strong>suam</strong></span> <span class='ocrx_word' id='word_1_132' title='bbox 906 2717 1064 2784; x_wconf 89' lang='lat' dir='ltr'><strong>ditionem</strong></span> <span class='ocrx_word' id='word_1_133' title='bbox 1090 2717 1306 2786; x_wconf 85' lang='lat' dir='ltr'><strong>adsumerent.</strong></span> 
     </span>
     <span class='ocr_line' id='line_1_20' title="bbox 283 2837 1310 2930; baseline -0.004 -22"><span class='ocrx_word' id='word_1_134' title='bbox 283 2842 449 2908; x_wconf 83' lang='lat' dir='ltr'><strong>Admonet</strong></span> <span class='ocrx_word' id='word_1_135' title='bbox 471 2840 568 2930; x_wconf 83' lang='lat' dir='ltr'><strong>igitur</strong></span> <span class='ocrx_word' id='word_1_136' title='bbox 592 2860 788 2921; x_wconf 75' lang='lat' dir='ltr'><strong>someron,</strong></span> <span class='ocrx_word' id='word_1_137' title='bbox 811 2853 848 2901; x_wconf 91' lang='lat' dir='ltr'><strong>ut</strong></span> <span class='ocrx_word' id='word_1_138' title='bbox 870 2837 977 2926; x_wconf 88' lang='lat' dir='ltr'><strong>plures</strong></span> <span class='ocrx_word' id='word_1_139' title='bbox 1001 2838 1169 2902; x_wconf 87' lang='lat' dir='ltr'><strong>ministerii</strong></span> <span class='ocrx_word' id='word_1_140' title='bbox 1190 2839 1239 2902; x_wconf 88' lang='lat' dir='ltr'><strong>sui</strong></span> <span class='ocrx_word' id='word_1_141' title='bbox 1260 2860 1310 2904; x_wconf 81' lang='lat' dir='ltr'><strong>so·</strong></span> 
     </span>
     <span class='ocr_line' id='line_1_21' title="bbox 282 2956 1308 3045; baseline -0.005 -18"><span class='ocrx_word' id='word_1_142' title='bbox 282 2961 352 3026; x_wconf 85' lang='lat' dir='ltr'><strong>cios</strong></span> <span class='ocrx_word' id='word_1_143' title='bbox 385 2971 606 3039; x_wconf 85' lang='lat' dir='ltr'><strong>consecraret,</strong></span> <span class='ocrx_word' id='word_1_144' title='bbox 638 2956 806 3021; x_wconf 88' lang='lat' dir='ltr'><strong>consilium</strong></span> <span class='ocrx_word' id='word_1_145' title='bbox 836 2971 962 3022; x_wconf 85' lang='lat' dir='ltr'><strong>secutus</strong></span> <span class='ocrx_word' id='word_1_146' title='bbox 991 2977 1151 3022; x_wconf 74' lang='lat' dir='ltr'><strong>eunoun</strong></span> <span class='ocrx_word' id='word_1_147' title='bbox 1183 2956 1308 3045; x_wconf 85' lang='lat' dir='ltr'><strong>Papae,</strong></span> 
     </span>
     <span class='ocr_line' id='line_1_22' title="bbox 285 3071 1312 3166; baseline -0.003 -26"><span class='ocrx_word' id='word_1_148' title='bbox 285 3079 340 3166; x_wconf 87' lang='lat' dir='ltr'><strong>qui</strong></span> <span class='ocrx_word' id='word_1_149' title='bbox 362 3077 492 3159; x_wconf 83' lang='lat' dir='ltr'><strong>literis,</strong></span> <span class='ocrx_word' id='word_1_150' title='bbox 525 3074 566 3140; x_wconf 92' lang='lat' dir='ltr'><strong>ad</strong></span> <span class='ocrx_word' id='word_1_151' title='bbox 584 3097 797 3140; x_wconf 75' lang='lat' dir='ltr'><strong>aoonsrrnun</strong></span> <span class='ocrx_word' id='word_1_152' title='bbox 817 3072 915 3157; x_wconf 83' lang='lat' dir='ltr'><strong>datis,</strong></span> <span class='ocrx_word' id='word_1_153' title='bbox 937 3071 1109 3139; x_wconf 89' lang='lat' dir='ltr'><strong>duodecim</strong></span> <span class='ocrx_word' id='word_1_154' title='bbox 1132 3075 1312 3166; x_wconf 86' lang='lat' dir='ltr'><strong>Episcopos</strong></span> 
     </span>
     <span class='ocr_line' id='line_1_23' title="bbox 285 3190 1313 3283; baseline -0.002 -23"><span class='ocrx_word' id='word_1_155' title='bbox 285 3190 525 3260; x_wconf 85' lang='lat' dir='ltr'><strong>constituendos</strong></span> <span class='ocrx_word' id='word_1_156' title='bbox 540 3213 607 3283; x_wconf 84' lang='lat' dir='ltr'><strong>esse</strong></span> <span class='ocrx_word' id='word_1_157' title='bbox 627 3191 850 3283; x_wconf 79' lang='lat' dir='ltr'><strong>significasset,</strong></span> <span class='ocrx_word' id='word_1_158' title='bbox 873 3191 959 3256; x_wconf 88' lang='lat' dir='ltr'><strong>inter</strong></span> <span class='ocrx_word' id='word_1_159' title='bbox 976 3214 1057 3278; x_wconf 88' lang='lat' dir='ltr'><strong>quos</strong></span> <span class='ocrx_word' id='word_1_160' title='bbox 1068 3193 1209 3258; x_wconf 79' lang='lat' dir='ltr'><strong>Antiates</strong></span> <span class='ocrx_word' id='word_1_161' title='bbox 1227 3191 1313 3258; x_wconf 83' lang='lat' dir='ltr'><strong>Ebo-</strong></span> 
     </span>
     <span class='ocr_line' id='line_1_24' title="bbox 288 3309 1312 3401; baseline -0.001 -24"><span class='ocrx_word' id='word_1_162' title='bbox 288 3318 451 3395; x_wconf 79' lang='lat' dir='ltr'><strong>recensis,</strong></span> <span class='ocrx_word' id='word_1_163' title='bbox 492 3326 627 3401; x_wconf 85' lang='lat' dir='ltr'><strong>accepto</strong></span> <span class='ocrx_word' id='word_1_164' title='bbox 661 3311 786 3399; x_wconf 87' lang='lat' dir='ltr'><strong>pallio,</strong></span> <span class='ocrx_word' id='word_1_165' title='bbox 826 3309 1092 3399; x_wconf 84' lang='lat' dir='ltr'><strong>metropolitanus</strong></span> <span class='ocrx_word' id='word_1_166' title='bbox 1131 3326 1214 3378; x_wconf 87' lang='lat' dir='ltr'><strong>esset</strong></span> <span class='ocrx_word' id='word_1_167' title='bbox 1247 3309 1312 3400; x_wconf 85' lang='lat'><strong>().</strong></span> 
     </span>
    </p>
   </div>
   <div class='ocr_carea' id='block_1_7' title="bbox 335 3589 1355 4325">
    <p class='ocr_par' dir='ltr' id='par_1_7' title="bbox 335 3589 1315 3831">
     <span class='ocr_line' id='line_1_25' title="bbox 335 3589 1313 3667; baseline -0.009 -17"><span class='ocrx_word' id='word_1_168' title='bbox 335 3599 377 3666; x_wconf 85' lang='lat'><strong>(1)</strong></span> <span class='ocrx_word' id='word_1_169' title='bbox 398 3597 531 3667; x_wconf 76' lang='lat' dir='ltr'><strong>Leguntur</strong></span> <span class='ocrx_word' id='word_1_170' title='bbox 550 3596 621 3664; x_wconf 85' lang='lat' dir='ltr'><strong>ipsae</strong></span> <span class='ocrx_word' id='word_1_171' title='bbox 643 3603 765 3643; x_wconf 79' lang='lat' dir='ltr'><strong>curasan</strong></span> <span class='ocrx_word' id='word_1_172' title='bbox 778 3590 810 3639; x_wconf 78' lang='lat' dir='ltr'><strong>ad</strong></span> <span class='ocrx_word' id='word_1_173' title='bbox 828 3603 986 3641; x_wconf 76' lang='lat' dir='ltr'><strong>rocosum</strong></span> <span class='ocrx_word' id='word_1_174' title='bbox 1000 3589 1100 3641; x_wconf 79' lang='lat' dir='ltr'><strong>Literae</strong></span> <span class='ocrx_word' id='word_1_175' title='bbox 1116 3592 1144 3641; x_wconf 90' lang='lat' dir='ltr'><strong>in</strong></span> <span class='ocrx_word' id='word_1_176' title='bbox 1165 3604 1222 3640; x_wconf 79' lang='lat' dir='ltr'><strong>arn.</strong></span> <span class='ocrx_word' id='word_1_177' title='bbox 1236 3589 1313 3641; x_wconf 82' lang='lat' dir='ltr'><strong>Hist.</strong></span> 
     </span>
     <span class='ocr_line' id='line_1_26' title="bbox 393 3671 1313 3740; baseline -0.01 -9"><span class='ocrx_word' id='word_1_178' title='bbox 393 3681 468 3732; x_wconf 82' lang='lat' dir='ltr'><strong>Ercl.</strong></span> <span class='ocrx_word' id='word_1_179' title='bbox 490 3679 550 3731; x_wconf 88' lang='lat' dir='ltr'><strong>Lib.</strong></span> <span class='ocrx_word' id='word_1_180' title='bbox 564 3678 586 3728; x_wconf 88' lang='lat'><strong>1.</strong></span> <span class='ocrx_word' id='word_1_181' title='bbox 608 3693 632 3727; x_wconf 89' lang='lat' dir='ltr'><strong>c.</strong></span> <span class='ocrx_word' id='word_1_182' title='bbox 646 3674 690 3725; x_wconf 74' lang='lat'><strong>29.</strong></span> <span class='ocrx_word' id='word_1_183' title='bbox 727 3671 859 3725; x_wconf 75' lang='lat' dir='ltr'><strong>Suadebat</strong></span> <span class='ocrx_word' id='word_1_184' title='bbox 877 3671 965 3740; x_wconf 79' lang='lat' dir='ltr'><strong>Pops,</strong></span> <span class='ocrx_word' id='word_1_185' title='bbox 987 3681 1016 3722; x_wconf 86' lang='lat' dir='ltr'><strong>ut</strong></span> <span class='ocrx_word' id='word_1_186' title='bbox 1031 3685 1181 3724; x_wconf 72' lang='lat' dir='ltr'><strong>rocconem</strong></span> <span class='ocrx_word' id='word_1_187' title='bbox 1194 3671 1313 3724; x_wconf 78' lang='lat' dir='ltr'><strong>Eboraci</strong></span> 
     </span>
     <span class='ocr_line' id='line_1_27' title="bbox 395 3753 1315 3831; baseline -0.008 -18"><span class='ocrx_word' id='word_1_188' title='bbox 395 3761 554 3831; x_wconf 75' lang='lat' dir='ltr'><strong>Episcopum</strong></span> <span class='ocrx_word' id='word_1_189' title='bbox 568 3759 753 3819; x_wconf 83' lang='lat' dir='ltr'><strong>constitueret,</strong></span> <span class='ocrx_word' id='word_1_190' title='bbox 772 3772 852 3824; x_wconf 90' lang='lat' dir='ltr'><strong>quem</strong></span> <span class='ocrx_word' id='word_1_191' title='bbox 867 3753 961 3818; x_wconf 78' lang='lat' dir='ltr'><strong>vellet,</strong></span> <span class='ocrx_word' id='word_1_192' title='bbox 981 3755 1016 3804; x_wconf 81' lang='lat' dir='ltr'><strong>ito</strong></span> <span class='ocrx_word' id='word_1_193' title='bbox 1029 3765 1134 3818; x_wconf 85' lang='lat' dir='ltr'><strong>tamen,</strong></span> <span class='ocrx_word' id='word_1_194' title='bbox 1153 3765 1182 3806; x_wconf 92' lang='lat' dir='ltr'><strong>ut</strong></span> <span class='ocrx_word' id='word_1_195' title='bbox 1196 3754 1239 3806; x_wconf 92' lang='lat' dir='ltr'><strong>hio</strong></span> <span class='ocrx_word' id='word_1_196' title='bbox 1253 3772 1315 3806; x_wconf 88' lang='lat' dir='ltr'><strong>rur-</strong></span> 
     </span>
    </p>

    <p class='ocr_par' dir='ltr' id='par_1_8' title="bbox 336 3835 1355 4325">
     <span class='ocr_line' id='line_1_28' title="bbox 336 3835 1313 3907; baseline -0.008 -11"><span class='ocrx_word' id='word_1_197' title='bbox 336 3835 339 3844; x_wconf 77' lang='grc'><strong>’</strong></span> <span class='ocrx_word' id='word_1_198' title='bbox 395 3861 438 3896; x_wconf 85' lang='lat' dir='ltr'><strong>sus</strong></span> <span class='ocrx_word' id='word_1_199' title='bbox 456 3842 594 3893; x_wconf 88' lang='lat' dir='ltr'><strong>duodecim</strong></span> <span class='ocrx_word' id='word_1_200' title='bbox 615 3839 680 3890; x_wconf 76' lang='lat' dir='ltr'><strong>elios</strong></span> <span class='ocrx_word' id='word_1_201' title='bbox 698 3849 814 3903; x_wconf 80' lang='lat' dir='ltr'><strong>crearet,</strong></span> <span class='ocrx_word' id='word_1_202' title='bbox 832 3848 909 3906; x_wconf 80' lang='lat' dir='ltr'><strong>etque</strong></span> <span class='ocrx_word' id='word_1_203' title='bbox 929 3839 985 3906; x_wconf 85' lang='lat' dir='ltr'><strong>ipse</strong></span> <span class='ocrx_word' id='word_1_204' title='bbox 1000 3836 1214 3907; x_wconf 80' lang='lat' dir='ltr'><strong>metropolitanus</strong></span> <span class='ocrx_word' id='word_1_205' title='bbox 1229 3849 1313 3904; x_wconf 84' lang='lat' dir='ltr'><strong>essct,</strong></span> 
     </span>
     <span class='ocr_line' id='line_1_29' title="bbox 395 3921 1315 3994; baseline -0.007 -14"><span class='ocrx_word' id='word_1_206' title='bbox 395 3938 494 3990; x_wconf 82' lang='lat' dir='ltr'><strong>nactus,</strong></span> <span class='ocrx_word' id='word_1_207' title='bbox 510 3940 592 3994; x_wconf 81' lang='lat' dir='ltr'><strong>aeque</strong></span> <span class='ocrx_word' id='word_1_208' title='bbox 608 3934 684 3992; x_wconf 83' lang='lat' dir='ltr'><strong>atquc</strong></span> <span class='ocrx_word' id='word_1_209' title='bbox 692 3921 834 3992; x_wconf 77' lang='lat' dir='ltr'><strong>Episcopus</strong></span> <span class='ocrx_word' id='word_1_210' title='bbox 844 3922 1029 3987; x_wconf 76' lang='lat' dir='ltr'><strong>Londinenris,</strong></span> <span class='ocrx_word' id='word_1_211' title='bbox 1038 3921 1315 3990; x_wconf 73' lang='lat' dir='ltr'><strong>pelliumaSedeRo-</strong></span> 
     </span>
     <span class='ocr_line' id='line_1_30' title="bbox 396 4006 1313 4076; baseline -0.004 -13"><span class='ocrx_word' id='word_1_212' title='bbox 396 4027 487 4064; x_wconf 82' lang='lat' dir='ltr'><strong>mana.</strong></span> <span class='ocrx_word' id='word_1_213' title='bbox 520 4008 627 4072; x_wconf 78' lang='lat' dir='ltr'><strong>Voluit,</strong></span> <span class='ocrx_word' id='word_1_214' title='bbox 646 4018 675 4058; x_wconf 90' lang='lat' dir='ltr'><strong>ut</strong></span> <span class='ocrx_word' id='word_1_215' title='bbox 694 4023 787 4058; x_wconf 88' lang='lat' dir='ltr'><strong>omnes</strong></span> <span class='ocrx_word' id='word_1_216' title='bbox 800 4006 960 4058; x_wconf 77' lang='lat' dir='ltr'><strong>Britanniae</strong></span> <span class='ocrx_word' id='word_1_217' title='bbox 977 4007 1099 4076; x_wconf 73' lang='lat' dir='ltr'><strong>Episcopi</strong></span> <span class='ocrx_word' id='word_1_218' title='bbox 1114 4022 1254 4059; x_wconf 77' lang='lat' dir='ltr'><strong>rocnsrmo</strong></span> <span class='ocrx_word' id='word_1_219' title='bbox 1267 4025 1313 4059; x_wconf 84' lang='lat' dir='ltr'><strong>es-</strong></span> 
     </span>
     <span class='ocr_line' id='line_1_31' title="bbox 398 4086 1312 4158; baseline -0.002 -14"><span class='ocrx_word' id='word_1_220' title='bbox 398 4103 457 4145; x_wconf 86' lang='lat' dir='ltr'><strong>sent</strong></span> <span class='ocrx_word' id='word_1_221' title='bbox 477 4090 603 4158; x_wconf 70' lang='lat' dir='ltr'><strong>subjecti,</strong></span> <span class='ocrx_word' id='word_1_222' title='bbox 628 4099 684 4158; x_wconf 85' lang='lat' dir='ltr'><strong>post</strong></span> <span class='ocrx_word' id='word_1_223' title='bbox 709 4086 782 4139; x_wconf 87' lang='lat' dir='ltr'><strong>illius</strong></span> <span class='ocrx_word' id='word_1_224' title='bbox 802 4103 864 4140; x_wconf 76' lang='lat' dir='ltr'><strong>vero</strong></span> <span class='ocrx_word' id='word_1_225' title='bbox 885 4088 1005 4152; x_wconf 86' lang='lat' dir='ltr'><strong>obitum,</strong></span> <span class='ocrx_word' id='word_1_226' title='bbox 1030 4091 1101 4141; x_wconf 87' lang='lat' dir='ltr'><strong>inter</strong></span> <span class='ocrx_word' id='word_1_227' title='bbox 1125 4090 1312 4142; x_wconf 70' lang='lat' dir='ltr'><strong>Laudicensem</strong></span> 
     </span>
     <span class='ocr_line' id='line_1_32' title="bbox 399 4172 1315 4246; baseline -0.002 -18"><span class='ocrx_word' id='word_1_228' title='bbox 399 4177 557 4246; x_wconf 75' lang='lat' dir='ltr'><strong>Episcopum</strong></span> <span class='ocrx_word' id='word_1_229' title='bbox 570 4174 792 4226; x_wconf 78' lang='lat' dir='ltr'><strong>etEboroeemem</strong></span> <span class='ocrx_word' id='word_1_230' title='bbox 805 4189 835 4224; x_wconf 79' lang='lat' dir='ltr'><strong>es</strong></span> <span class='ocrx_word' id='word_1_231' title='bbox 849 4183 917 4226; x_wconf 82' lang='lat' dir='ltr'><strong>esset</strong></span> <span class='ocrx_word' id='word_1_232' title='bbox 930 4172 1036 4224; x_wconf 85' lang='lat' dir='ltr'><strong>honoris</strong></span> <span class='ocrx_word' id='word_1_233' title='bbox 1049 4173 1193 4239; x_wconf 88' lang='lat' dir='ltr'><strong>distinctio,</strong></span> <span class='ocrx_word' id='word_1_234' title='bbox 1208 4184 1237 4224; x_wconf 89' lang='lat' dir='ltr'><strong>ut</strong></span> <span class='ocrx_word' id='word_1_235' title='bbox 1242 4176 1315 4243; x_wconf 82' lang='lat' dir='ltr'><strong>prior</strong></span> 
     </span>
     <span class='ocr_line' id='line_1_33' title="bbox 401 4256 1355 4325; baseline -0.001 -17"><span class='ocrx_word' id='word_1_236' title='bbox 401 4259 553 4324; x_wconf 82' lang='lat' dir='ltr'><strong>haberetur,</strong></span> <span class='ocrx_word' id='word_1_237' title='bbox 576 4258 621 4325; x_wconf 90' lang='lat' dir='ltr'><strong>qui</strong></span> <span class='ocrx_word' id='word_1_238' title='bbox 641 4259 713 4325; x_wconf 83' lang='lat' dir='ltr'><strong>prius</strong></span> <span class='ocrx_word' id='word_1_239' title='bbox 727 4257 818 4312; x_wconf 72' lang='lat' dir='ltr'><strong>iniant</strong></span> <span class='ocrx_word' id='word_1_240' title='bbox 838 4257 944 4313; x_wconf 84' lang='lat' dir='ltr'><strong>electus.</strong></span> <span class='ocrx_word' id='word_1_241' title='bbox 964 4256 1055 4312; x_wconf 81' lang='lat' dir='ltr'><strong>Narrat</strong></span> <span class='ocrx_word' id='word_1_242' title='bbox 1073 4268 1158 4312; x_wconf 86' lang='lat' dir='ltr'><strong>autem</strong></span> <span class='ocrx_word' id='word_1_243' title='bbox 1177 4271 1315 4311; x_wconf 71' lang='lat' dir='ltr'><strong>antistans</strong></span> <span class='ocrx_word' id='word_1_244' title='bbox 1349 4266 1355 4279; x_wconf 92' lang='lat'><strong>·</strong></span> 
     </span>
    </p>
   </div>
   <div class='ocr_carea' id='block_1_8' title="bbox 0 0 1477 5392">
    <p class='ocr_par' dir='ltr' id='par_1_9' title="bbox 0 0 1477 5392">
     <span class='ocr_line' id='line_1_34' title="bbox 0 0 1477 5392; baseline 0 0"><span class='ocrx_word' id='word_1_245' title='bbox 0 0 1477 5392; x_wconf 95' lang='lat' dir='ltr'><strong> </strong></span> 
     </span>
    </p>
   </div>
  </div>
 </body>
</html>
