2909 5392
632 528 673 590 85

126 729 239 772 omnes
263 706 445 787 constabat,
477 703 559 768 falso
585 702 664 768 illud
689 726 793 768 nrnsn
816 706 931 789 tribui,
957 708 1074 798 quippe
1095 711 1150 796 qui

122 825 300 891 secundum
332 823 529 889 narrationes
559 843 700 902 usurum
733 838 767 888 et
792 845 910 888 suorus
938 823 986 912 (r)
1020 841 1151 891 centurn

124 945 294 1035 octoginta
309 942 376 1008 dies
392 964 510 1007 vacuos
526 940 713 1028 reliquisset.
752 939 934 1006 Genuinum
950 966 1054 1008 ruore
1069 967 1151 1033 opus

121 1063 282 1129 invenisse
308 1061 369 1125 sibi
400 1061 482 1124 visus
510 1075 558 1124 est
588 1081 831 1142 resuscitemus,
862 1075 895 1124 et
922 1063 990 1146 ejus
1019 1060 1150 1148 quidem

120 1179 336 1270 fragmentum
359 1177 429 1244 MS.
454 1178 489 1242 in
513 1177 668 1244 Biblioth.
695 1178 797 1267 Regin
818 1179 965 1259 Sanctae,
989 1178 1149 1268 integrum

119 1319 204 1362 vero
233 1296 393 1385 exemplar
413 1297 563 1376 Divinae,
593 1293 809 1386 additamenta
829 1295 997 1361 continens
1015 1296 1148 1361 minori·

123 1413 187 1478 bus
209 1413 308 1478 literis
327 1413 445 1503 scripta
459 1411 518 1502 (r).
565 1403 648 1477 Cum
667 1413 716 1477 his
728 1427 848 1479 ,nutem
868 1411 973 1478 Codd.
996 1435 1052 1478 sex
1068 1413 1149 1479 alios

121 1531 282 1614 contulit,
316 1547 349 1596 et
379 1531 517 1596 collecta
547 1552 603 1594 sua
630 1529 754 1618 publici
777 1530 857 1615 juris
886 1529 964 1594 feeit
992 1530 1026 1594 in
1054 1532 1148 1596 Actis

120 1650 312 1714 Sanctorum
337 1647 406 1736 (3);
439 1647 495 1712 ubi
527 1669 583 1730 ea,
622 1669 702 1734 qune
737 1667 843 1710 suoru
876 1648 1008 1712 nomine
1036 1648 1152 1734 majori

118 1781 277 1854 typorum
302 1765 407 1830 forma
427 1783 541 1828 excusa
563 1779 651 1844 sunt,
676 1763 710 1856 in
732 1764 884 1828 omnibus
904 1763 998 1830 MSS.
1019 1763 1061 1828 ad
1077 1789 1149 1831 ver·

119 1883 203 1948 bum
222 1882 286 1970 legi
309 1880 406 1964 dieit3
430 1880 706 1972 lllartyrologium¹
719 1903 814 1963 vero,
840 1879 928 1969 quod
942 1883 1026 1946 inter
1043 1905 1149 1948 ouon

122 2000 234 2089 Opera
249 2014 364 2082 exstet,
390 2021 428 2064 ex
444 2020 553 2063 suoru
567 2012 706 2063 sumtum
722 2020 790 2064 esse
807 1997 923 2064 credit.
962 1997 1054 2064 Idem
1068 1999 1149 2064 illud

122 2141 198 2183 cum
228 2120 404 2183 Aurtuario
431 2138 531 2180 rnonr
548 2117 595 2180 'iu
627 2137 684 2180 sua
709 2114 861 2180 Editione
891 2115 1150 2205 cantabrigensi·

120 2238 252 2326 repetiit
271 2259 384 2301 sumn.
432 2235 474 2299 Et
497 2232 750 2299 additamentum
773 2231 814 2296 ad
833 2255 937 2298 suurn
953 2233 1146 2322 Martyrolo-

121 2356 210 2444 glum
233 2376 272 2420 ex
294 2352 417 2418 Codice
442 2355 491 2419 W
487 2351 703 2442 irrelurgensi
723 2351 822 2416 seculi
842 2352 891 2416 IX
912 2351 1002 2416 dedit
1023 2375 1146 2420 uenu-

120 2471 272 2560 rnus(4).
290 2471 338 2535 Ex
347 2491 544 2535 usrrnronrr
559 2484 592 2534 et
605 2491 723 2532 oumur
729 2469 887 2533 sententia
894 2466 1027 2534 dubium
1038 2485 1147 2536 tamen

121 2607 190 2674 est,
211 2613 252 2656 an
273 2592 369 2654 Festo
391 2589 542 2652 Omnium
565 2588 752 2653 &notorum
777 2588 813 2650 in
832 2587 896 2653 hoc
913 2586 1146 2676 Murtyrologio

163 2837 206 2905 (1)
226 2833 556 2896 numinenumine,
571 2830 732 2901 Arohiepiso.
741 2831 923 2897 Viennensem,
935 2834 964 2885 in
971 2831 1141 2902 Martyrulo-

222 2919 286 2983 giis.
301 2915 414 2968 Orrorus
428 2931 536 2980 murus,
551 2933 634 2984 quum
641 2915 816 2984 llartyrologin
829 2925 855 2968 et
863 2931 1006 2968 urrsosrrrr
1015 2928 1041 2969 et
1049 2932 1143 2984 nrrrr,

223 3017 290 3070 quae
302 2999 331 3049 in
342 2997 460 3050 eeclesiis
467 3000 571 3050 renitere
584 3008 711 3061 moneret,
727 2997 777 3048 sibi
785 2997 902 3050 breviore
909 2998 1059 3051 riderentur
1065 3011 1144 3068 etque

220 3086 331 3153 jejune,
349 3097 478 3135 uerrunt!
493 3081 650 3134 monachum
663 3081 708 3132 ills
720 3080 881 3150 amplificare
892 3082 979 3149 jussit.
1000 3081 1049 3134 llio
1062 3101 1141 3154 opere

222 3185 269 3220 suo
288 3167 438 3236 perfunctus
458 3167 488 3217 in
510 3166 670 3218 Pmelstioue
689 3165 722 3216 ed
745 3164 844 3233 Regem
864 3163 945 3228 dieis,
972 3181 1142 3220 urrronrm

224 3253 321 3303 nimine
343 3251 470 3302 studuisse
489 3250 625 3314 brevitati,
646 3263 730 3299 eruin
747 3263 807 3299 rero
824 3246 992 3316 quamplures
1007 3247 1143 3300 Kalenda-

221 3353 280 3387 rum
294 3335 351 3386 dies
365 3335 473 3385 intectos
487 3333 634 3400 reliquisse.

160 3421 203 3489 (1)
223 3421 338 3472 Primum
351 3417 414 3470 heeo
427 3432 500 3470 rtort
517 3433 573 3468 esse
583 3416 789 3485 suspicaturus,
802 3422 890 3482 postes
897 3423 1015 3464 mentem
1022 3418 1141 3468 mutarit.

159 3503 202 3572 (3)
223 3503 305 3555 Praei.
328 3500 403 3552 Tem.
426 3500 448 3552 Ι.
470 3500 575 3552 Jsuuar.
595 3515 656 3567 pag.
669 3499 712 3550 to.
730 3507 758 3548 et
771 3495 875 3564 Prolog.
890 3495 922 3545 nd
936 3512 1054 3547 mensem
1065 3496 1139 3551 len.

223 3586 299 3637 Tom.
311 3585 347 3636 11.
364 3583 379 3648 §
394 3587 411 3636 5
426 3600 500 3652 seqq.
528 3583 681 3634 Genuinum
695 3597 775 3634 utun
788 3599 854 3650 opus
865 3581 915 3632 hoe
928 3580 1020 3632 hebuit
1033 3596 1140 3635 ouorrus

221 3672 250 3721 in
268 3670 408 3719 comment.
422 3666 512 3717 volt.
526 3685 586 3736 pag.
595 3667 629 3718 5⁷
643 3677 668 3717 et
682 3683 742 3734 pag.
757 3665 836 3716 1683.
849 3686 852 3692 ·
869 3663 965 3716 Nolunt
977 3665 1067 3730 etism,
1080 3677 1140 3736 post

222 3765 396 3816 cotorrsrou,
420 3764 586 3804 usutrtortus
600 3749 620 3801 l.
636 3749 657 3802 Ι.
677 3760 703 3801 et
716 3761 851 3800 rsrnrotos
865 3745 941 3800 Tom.
958 3747 980 3799 1.
992 3765 1053 3816 pag.
1067 3750 1140 3814 189,

221 3833 291 3884 Edit.
300 3846 388 3896 usust,
404 3833 511 3901 reperiri
525 3833 554 3882 in
568 3831 627 3896 illo,
644 3847 711 3898 quae
726 3844 805 3880 nrnrt
820 3830 965 3880 tribuentur
977 3831 1010 3880 nb
1025 3846 1137 3883 uruntoo

142 3929 146 3940 ·
221 3920 250 3969 in
271 3917 599 3979 Miraenliss.srr1rrr,
626 3917 717 3982 Epire.
734 3913 881 3964 Autisnod.
902 3909 962 3964 Lib.
974 3912 996 3963 I.
1010 3929 1067 3980 esp.
1081 3913 1135 3975 15,

219 4011 246 4052 et
266 3999 300 4050 sb
317 4013 444 4051 museto
466 4000 494 4048 in
513 3997 572 4049 Lib.
587 3998 621 4050 11.
639 4014 696 4065 sep.
711 3997 755 4047 24.
769 3995 800 4045 de
816 3993 914 4059 Officiis
927 3994 1047 4057 Eccles„
1065 3994 1134 4045 etde

219 4085 307 4136 ordine
322 4083 513 4148 Antiphonarr't‘
526 4097 582 4148 esp.
595 4080 639 4131 28.
883 4137 887 4147 Ι

158 4168 201 4237 (l)
221 4169 252 4219 ln
277 4168 418 4218 comment.
438 4165 467 4215 de
489 4164 564 4214 rebus
583 4163 713 4214 Francius
730 4163 833 4214 Orient.
845 4167 871 4213 et
882 4162 1007 4231 Episcopi.
1023 4163 1065 4214 W
1062 4167 1131 4218 irre.

218 4251 339 4316 turgens.
358 4249 424 4302 Tem
439 4247 460 4300 l.
475 4265 535 4317 pag.
551 4248 620 4311 828,
639 4247 701 4300 830.
713 4245 832 4300 Wireeb.
848 4244 923 4298 1⁷29.
