2909 5392
288 881 291 886 ,
324 816 377 882 Ad
399 815 559 896 indicem,
594 837 723 880 assus
749 813 949 912 confectum,
971 817 1186 884 recensuimus
1217 843 1302 887 nunc

281 936 381 1002 libros
413 959 488 1002 cum
521 934 695 1025 genuinos,
732 949 802 999 tum
831 932 974 1024 spurios,
1006 938 1061 1026 qui
1085 961 1206 1004 nomen
1238 943 1304 1025 ejus

278 1070 404 1144 gerunt.
450 1055 579 1138 Restat,
603 1069 639 1118 ut
662 1053 818 1119 nonnulla
837 1077 1023 1121 moneamus
1047 1054 1090 1122 de
1115 1051 1304 1144 quibusdam

280 1173 364 1256 aliis,
394 1173 441 1238 ibi
470 1169 600 1260 quidem
624 1195 692 1238 non
722 1174 925 1257 memoratis,
961 1173 1018 1240 sed
1051 1175 1168 1265 procul
1197 1175 1303 1244 ,dubio

214 1293 216 1298 ’
281 1308 389 1358 manen
414 1315 433 1356 a
455 1315 539 1358 asna
561 1292 726 1382 profectis.
773 1291 959 1381 Principem
980 1292 1091 1358 locum
1111 1294 1269 1358 habeant:

324 1414 576 1477 detractationes
589 1419 623 1474 in
638 1413 741 1476 Astiis
756 1411 991 1499 Apostolorum.

326 1529 394 1612 Has
416 1529 542 1618 scripsit
556 1531 625 1615 jam
639 1551 736 1593 senex
747 1528 845 1616 paulo
861 1543 936 1616 post
947 1551 1066 1592 annum
1077 1527 1155 1616 731.
1180 1525 1306 1592 Adsunt

280 1647 314 1712 in
328 1670 433 1711 annas
444 1647 618 1735 Operibus,
632 1644 719 1710 Edit.
734 1644 830 1710 Basil.
846 1645 941 1710 Tom.
949 1644 1007 1710 VI.
1025 1669 1060 1733 p.
1074 1645 1168 1731 1·39‚
1186 1645 1304 1710 Goion.

280 1765 376 1832 tam.
393 1765 449 1830 VI.
472 1788 507 1853 p.
530 1763 618 1828 1=a8.
665 1764 703 1828 In
726 1768 791 1851 quo
815 1763 901 1827 lihro
919 1761 1093 1828 condendo
1114 1778 1240 1830 seruas
1259 1779 1308 1828 est

282 1884 463 1977 exemplum
476 1904 672 1964 aucusrrar,
693 1882 766 1970 qui,
789 1903 903 1963 senex,
926 1881 1025 1946 libros
1037 1883 1307 1946 detractatorum

280 2004 314 2067 in
342 2001 495 2090 opuscula
524 1999 700 2089 quaedam,
730 2022 812 2087 quae
839 2001 965 2085 juvenis
986 2000 1173 2089 scripserat,
1197 2023 1307 2066 emen·

282 2118 380 2184 dandi
413 2116 615 2206 addendique
646 2140 742 2182 causa
768 2108 992 2207 composuerat
1017 2116 1078 2207 (ι).
1131 2117 1234 2213 Multa
1248 2119 1306 2183 'in-

282 2261 377 2327 super
404 2237 508 2302 critici
534 2251 567 2302 et
593 2236 794 2325 grammatici
820 2239 945 2325 generis
973 2236 1109 2323 adjecit,
1134 2235 1222 2325 quod
1243 2259 1305 2326 pro
1387 2213 1390 2218 .

282 2372 446 2444 tempore,
481 2375 546 2440 quo
562 2384 564 2387 ’
578 2353 673 2434 vixit,
700 2375 895 2441 magnopere
925 2349 1121 2418 laudandum
1144 2371 1204 2421 est.
1249 2355 1307 2420 Ni·

283 2473 401 2550 mirrun
434 2471 470 2536 in
504 2492 615 2536 manus
656 2470 688 2534 ei
722 2469 808 2535 forte
838 2468 996 2535 inciderat
1027 2469 1139 2536 Codex
1167 2473 1310 2537 Graecus

284 2591 424 2654 Actuum
453 2589 684 2677 Apostolorum
711 2603 926 2678 pervetustus,
955 2604 989 2654 et
1018 2605 1189 2679 arecepta
1213 2593 1309 2656 inter·

283 2708 464 2798 pretatione
498 2707 614 2796 passim
646 2705 846 2796 discrepans,
880 2727 945 2794 quo
972 2729 1047 2770 cum
1075 2723 1165 2772 textu
1187 2709 1309 2798 vulgari

285 2829 402 2892 Mtino
431 2840 580 2890 accurate
609 2824 731 2890 collato
760 2825 918 2890 variantes
945 2825 1102 2891 lectiones
1126 2825 1306 2911 adnotavit,

286 2945 348 3012 hac
384 2960 492 3010 tamen
528 2943 676 3008 cautione
713 2942 838 3008 addita:
882 2942 995 3025 «Quae
1028 2945 1063 3009 in
1095 2945 1218 3010 Graeco
1244 2947 1310 3013 sire

285 3063 395 3145 aliter,
434 3085 490 3127 seu
526 3061 597 3152 plus
635 3078 690 3128 aut
718 3063 822 3128 miuus
851 3064 956 3153 posita
982 3061 1134 3148 vidimus,
1170 3065 1310 3131 breuiter

331 3321 375 3392 (1)
395 3320 529 3392 Quomodo
551 3337 611 3378 suos
632 3320 795 3389 aliorumque
815 3339 915 3374 errores
936 3326 1093 3392 correxerit,
1118 3325 1311 3396 intelligimus,

394 3425 420 3460 e.
434 3426 462 3476 g.
476 3423 510 3458 ex
522 3405 688 3458 adnotatione
703 3407 736 3457 ad
749 3410 807 3460 Act.
821 3408 852 3471 1,
868 3408 903 3478 ¹3.
917 3419 943 3460 et
957 3408 1031 3472 vffl,
1048 3412 1076 3460 1.
1111 3409 1144 3460 Et
1150 3409 1195 3461 hio
1201 3411 1311 3479 quidem

393 3489 523 3542 mendacii
544 3488 674 3556 redarguit
695 3489 872 3559 scriptoram,
895 3493 942 3559 qui
962 3493 991 3541 in
1011 3493 1079 3544 libro
1093 3494 1123 3543 de
1137 3495 1210 3544 obitu
1224 3496 1313 3547 beatae

397 3575 540 3626 Genetricis
555 3573 609 3624 Det
616 3608 625 3636 ,
643 3574 751 3624 nomine
766 3587 913 3637 astaram,
926 3574 1048 3643 Episcopi
1063 3577 1155 3640 Asiae,
1174 3578 1311 3648 inscripto,

395 3659 504 3712 insulsas
522 3658 647 3727 quasdam
666 3659 768 3710 fabulas
788 3657 886 3710 retulit.
920 3659 1011 3710 «Haec
1030 3659 1091 3711 ideo
1110 3670 1313 3714 commemorare

363 3769 368 3774 ’
393 3747 501 3808 curari,
524 3745 628 3813 inquit,
647 3747 708 3812 quia
723 3742 864 3795 nonnullos
879 3743 940 3794 nori
954 3743 1067 3812 praefato
1082 3743 1210 3796 volumini
1225 3756 1313 3798 centn

395 3827 569 3878 auctoritatem
595 3827 666 3878 beati
687 3840 767 3878 auctr
788 3827 890 3877 incauta
911 3827 1053 3877 temeritate
1074 3826 1214 3878 adsensum
1235 3845 1315 3898 prae·

397 3909 495 3962 bere.»
514 3927 574 3979 pag.
594 3912 638 3962 16.
674 3909 726 3963 «Si
745 3909 785 3960 les
803 3909 919 3974 loines,
939 3908 1028 3960 scribit
1043 3925 1177 3974 sruonrus,
1195 3911 1242 3978 qui
1258 3921 1315 3962 sont

397 4003 501 4044 auteurs
515 3993 552 4043 de
563 3992 588 4043 la
602 3993 705 4062 plupart
717 3993 764 4044 dea
778 3991 919 4056 Histoires,
933 3992 1150 4061 principalement
1164 3994 1198 4046 de
1211 3994 1315 4048 l'Ooci-

396 4077 480 4142 dent,
506 4079 609 4128 avaient
628 4080 668 4129 ite
691 4081 793 4130 animes
811 4078 845 4128 de
866 4089 907 4130 cet
927 4081 1024 4148 esprit,
1043 4097 1109 4132 nous
1122 4080 1257 4133 n'aurions
1270 4099 1316 4150 pas

401 4161 571 4230 aujourd’hui
586 4173 640 4214 tant
653 4163 686 4215 de
702 4163 785 4216 iables
799 4163 863 4215 dans
877 4181 924 4216 nos
939 4163 1049 4216 liures.»
1075 4164 1105 4216 L.
1121 4167 1165 4218 cit.
1181 4163 1255 4218 Tum.
1269 4165 1314 4217 ΙΙΙ.

399 4245 485 4313 Chap.
499 4247 542 4299 tt.
557 4264 616 4315 pag.
629 4247 690 4300 342.
